4184 6440
692 434 795 493 875

1912 420 2405 481 TIIEOPIIANIS
2446 421 2785 482 CERAMEI

3860 416 3969 478 876

692 553 877 608 matis.
912 551 1091 620 Atque
1120 548 1225 602 lioe
1274 544 1366 600 ille
1421 542 1647 597 tonitrui
1699 540 1841 597 illius
1883 540 2101 596 sublimi
2138 554 2275 610 pra?-

2387 558 2405 591 ι
2446 541 2613 593 Οὓπω
2652 537 2719 610 ἦν
2752 536 2977 608 Πνεῦμα
3000 538 3156 605 ἆγιον
3194 536 3321 607 πρὶν
3356 535 3678 605 δοξασθῆναι
3725 532 3816 585 τὸν
3872 534 3963 601 ’1ης

690 651 838 705 ditus
865 647 1079 717 eloquio
1112 643 1223 713 (69.)
1254 642 1495 696 declarat
1528 660 1536 693 :
1572 658 1589 691 r
1620 638 1866 695 Nondum
1897 649 2015 693 erat
2038 638 2275 707 Spiritus

692 738 875 798 datus,
928 735 1057 802 quia
1110 731 1271 785 Jcsus
1328 729 1565 784 nondum
1614 737 1731 781 erat
1778 728 2114 796 gloriﬁcatus
2146 729 2212 781 “.
2248 745 2266 777 ι

694 826 956 896 Discipuli
1022 826 1207 895 igitur,
1270 830 1396 877 ante
1450 820 1787 875 salutiferam
1847 820 2170 875 Passionem
2219 822 2270 874 in

696 919 906 976 Domini
965 926 1232 988 potestate
1289 915 1554 969 miracula
1618 917 1931 985 patrabant.
1994 914 2170 977 Nam,
2226 914 2270 968 si

692 1014 1007 1065 accuratius
1043 1024 1154 1063 rem
1183 1008 1465 1077 exquiras,
1507 1006 1936 1071 animadvertes,
1984 1006 2270 1060 Dominum

694 1118 945 1156 sermone
972 1100 1351 1169 progrediente
1372 1099 1575 1151 dixisse
1604 1113 1615 1149 :
1648 1115 1665 1147 ι
1698 1095 1835 1151 Ecce
1859 1098 1979 1151 dedi
2007 1098 2155 1150 vobis
2181 1111 2275 1164 po-

686 1205 943 1249 testatem
984 1191 1225 1248 caleandi
1258 1206 1424 1258 supra
1464 1200 1746 1257 serpentes
1791 1199 1846 1244 et
1880 1190 2212 1257 scorpiones.
2247 1206 2265 1240 ›

693 1284 808 1336 Non
837 1280 973 1335 dixit
999 1299 1012 1334 :
1043 1280 1170 1336 Dedi
1202 1282 1356 1336 vobis
1374 1280 1637 1348 Spiritum
1671 1288 1952 1344 sanctum;
1986 1280 2063 1332 sic
2091 1288 2269 1331 autem

693 1384 815 1441 post
891 1373 1346 1426 resurrectionem
1408 1370 1538 1422 dixit
1594 1386 1664 1424 :s
1706 1369 1952 1438 Accipite
2011 1366 2269 1437 Spiritum

689 1478 940 1518 sanetum
974 1465 1040 1517 ".
1074 1481 1092 1513 ι
1133 1462 1272 1527 Quin
1307 1460 1471 1515 etiam
1508 1462 1753 1513 eamdem
1792 1460 2074 1512 duodecim
2108 1459 2271 1513 disci-

692 1558 835 1625 pulis
863 1556 1076 1609 videtur
1112 1554 1329 1608 dedisse.
1368 1561 1712 1622 potestatem.
1759 1550 2084 1606 Convocatis
2124 1552 2267 1604 enim

689 1644 983 1699 duodecim
1018 1642 1298 1711 discipulis
1332 1643 1488 1695 suis:
1528 1660 1546 1692 ι
1598 1640 1754 1693 Dedit
1792 1641 1898 1693 illis
1946 1649 2267 1709 potestatem

690 1736 981 1804 spirituum
1022 1730 1426 1785 itntnundornm
1460 1730 1527 1783 ¹⁷.
1569 1748 1587 1780 ι
1624 1730 1929 1798 Antequam
1968 1729 2131 1797 igitur
2168 1726 2269 1782 Do-

690 1832 871 1880 minus
923 1838 1019 1893 per
1070 1837 1288 1877 erucem
1337 1820 1637 1875 secundum
1675 1819 1966 1871 humanam
2018 1829 2264 1871 naturam

688 1918 1027 1990 gloriﬁcatus
1056 1924 1225 1979 esset,
1260 1920 1628 1983 expotestate
1659 1910 1764 1965 sibi
1794 1910 1994 1963 tradita
2012 1910 2266 1979 discipuli

693 2009 950 2063 miracula
972 2006 1363 2076 operabantur,
1389 2018 1497 2057 non
1522 2018 1650 2057 sane
1670 2016 1884 2070 semper
1906 2010 1959 2055 et
1981 2002 2033 2054 in
2055 2015 2268 2065 omnes,

690 2102 785 2156 sed
811 2102 902 2155 ubi
928 2110 981 2154 et
1005 2100 1219 2169 quando
1243 2096 1459 2151 volebat
1491 2094 1539 2150 is
1566 2094 1655 2162 qui
1682 2094 1900 2147 dederat
1926 2101 2268 2162 potestatem.

688 2194 845 2260 Quod
896 2207 1023 2247 sane
1059 2189 1406 2243 manifestum
1437 2202 1503 2242 ex
1547 2202 1613 2241 eo
1650 2186 1727 2248 lit,
1778 2185 1924 2254 quod
1968 2186 2269 2239 lunaticum

691 2297 918 2351 puerum
954 2294 1151 2335 curare
1187 2295 1296 2332 non
1331 2283 1628 2346 potuerunt
1654 2274 1719 2326 ".
1754 2272 1911 2326 Dices
1938 2281 2117 2325 autem
2167 2270 2277 2326 for-

688 2386 837 2429 tasse
871 2390 885 2427 :
922 2372 1105 2439 Quare
1137 2386 1243 2425 non
1275 2384 1305 2423 a
1336 2368 1603 2439 principio
1630 2366 1866 2435 Spiritus
1916 2366 2092 2420 sancti
2147 2382 2276 2437 gra-

695 2467 824 2519 tiam
858 2465 965 2519 illis
1000 2463 1309 2534 impertiit?
1342 2462 1494 2529 Quod
1527 2460 1783 2514 nimirum
1817 2459 2119 2527 iniperfecti
2152 2475 2275 2513 cum

692 2567 896 2620 essent,
952 2572 1059 2611 non
1107 2555 1242 2611 satis
1293 2555 1471 2608 adhuc
1520 2552 1695 2607 idonei
1740 2552 1807 2605 ad
1858 2554 1959 2606 hoc
2005 2552 2274 2607 charisma

691 2646 1068 2716 accipiendum
1124 2655 1303 2701 erant.
1353 2645 1608 2714 Alioquin
1645 2644 1808 2697 etiam
1844 2643 2075 2696 decebat
2125 2644 2276 2712 prius

695 2756 788 2808 per
808 2739 1124 2794 Passionem
1160 2747 1213 2791 et
1249 2735 1725 2790 Resurrectionem
1750 2732 1950 2788 Christi
1980 2735 2271 2788 humanam

2379 634 2526 685 σοῡν.
2574 650 2591 683 ι
2629 632 2693 683 Ol
2724 630 2860 697 γοῦν
2898 629 3139 699 μαθηταὶ
3173 629 3279 699 πρὸ
3308 627 3402 681 τοῦ
3442 628 3715 698 σωτηρίου
3751 624 3975 687 Πάθους

2378 719 2687 788 Δεσποτικῇ
2726 718 2950 788 ἐξουσίᾳ
2999 718 3275 787 ἐνήργουν
3314 718 3383 770 τὰ
3431 716 3709 785 θαύματα.
3749 716 3975 785 [1:925:-

2376 812 2558 879 φήσας
2593 812 2701 880 γὰρ
2737 811 2984 882 ἀκριὸὦς
3030 811 3151 880 ὄψει
3197 809 3290 863 τοῦ
3340 810 3501 878 λόγου
3544 811 3831 879 προίόντος
3885 811 3971 862 εί-

2374 905 2547 957 πὸντα
2601 906 2696 955 τὸν
2750 905 2956 973 Κύριον
2988 921 3001 934 ·
3042 924 3059 955 ι
3113 903 3244 957 Ἰδοὺ
3272 903 3466 973 δίδωμι
3523 903 3654 971 ὑμῖν
3706 904 3968 968 ἐξουσίαν

2375 998 2569 1049 πατεῖν
2614 997 2801 1048 ἐπάνω
2844 994 3021 1063 ὅτεων
3082 995 3177 1048 καὶ
3247 994 3550 1064 σκορπίων.
3592 1011 3609 1044 ι
3667 994 3826 1045 Οὕτω
3858 993 3970 1061 γὰρ

2376 1086 2603 1155 ὕστερον
2633 1087 2770 1155 μετά
2796 1086 2893 1156 τὴν
2918 1087 3218 1139 ἀνάστασιν
3248 1083 3370 1138 εἶπε
3398 1103 3413 1118 ·
3447 1104 3466 1136 r
3502 1085 3710 1139 Λάϐετε
3740 1085 3971 1151 Πνεῦμα

2373 1178 2549 1246 ἅγιον.
2593 1196 2612 1229 ι
2663 1177 2831 1229 Ἀ).λά
2858 1178 2953 1230 καὶ
2994 1180 3108 1239 τοῖς
3156 1178 3481 1230 δυοκαίδεκα
3532 1177 3805 1245 μαθηταῖς
3862 1176 3966 1244 την

2374 1270 2545 1339 αὐτὴν
2568 1268 2820 1335 ἐξουσίαν
2849 1270 3045 1339 ὁρᾶται
3073 1268 3270 1331 διδούς.
3301 1268 3831 1339 Προσκαλεσάμενοῖ
3858 1266 3971 1334 γὰρ

2372 1362 2502 1423 τοὺς
2557 1361 2768 1413 δώδεκα
2853 1361 3103 1431 μαθητὰς
3164 1360 3357 1425 αὑτοῦ,
3422 1380 3440 1412 ι
3477 1361 3722 1413 Ἔδωκεν
3778 1360 3969 1417 αὐτοῖς

2372 1452 2621 1517 ἐξουσίαν
2642 1452 2786 1505 κατά
2806 1452 3135 1521 πνευμάτων
3154 1453 3504 1520 ἀκαθάρτων·
3539 1471 3556 1501 ι
3590 1452 3697 1521 πρὸ
3717 1450 3846 1516 γοῦν
3870 1449 3969 1500 τοῦ

2370 1544 2458 1596 διὰ
2489 1541 2727 1610 σταυροῦ
2755 1542 3081 1611 δοξασθῆναι
3110 1544 3203 1594 τὸν
3237 1543 3443 1612 Κύριον
3482 1542 3625 1593 κατά
3658 1543 3717 1592 τ’,
3752 1538 3967 1603 ἀνθρὼ-

2372 1650 2525 1685 πινον
2558 1634 2648 1686 διὰ
2679 1634 2775 1701 τῆς
2800 1634 3047 1703 δοθείσης
3075 1634 3261 1695 αὐτοῖς
3290 1633 3537 1699 ἐξουσίας
3568 1630 3961 1700 ἐθαυματούρ-

2369 1741 2501 1792 γουν
2532 1728 2581 1777 οί
2638 1722 2879 1794 μαθηταὶ
2930 1725 3031 1776 οὐκ
3087 1725 3196 1787 ἀεὶ,
3252 1724 3363 1776 οὐδ’
3397 1725 3480 1786 εἰς
3525 1724 3797 1784 ἅπαντας,
3846 1720 3964 1773 ἀλλ’

2368 1816 2559 1885 ἤνικα,
2616 1814 2709 1866 καὶ
2763 1815 2898 1866 ὅπου
2958 1815 2987 1866 ὀ
3041 1815 3165 1877 δοὺς
3226 1816 3325 1883 τὴν
3384 1814 3641 1880 ἐξουσίαν
3686 1813 3964 1865 ἐϐού>.;τ·ο.

2375 1906 2543 1974 Δῆλον
2568 1905 2625 1957 δέ
2651 1920 2667 1937 ·
2711 1906 2809 1958 καὶ
2834 1905 2947 1974 γὰρ
2976 1904 3065 1957 τὸν
3104 1907 3566 1975 σεληνιαζόμενον
3598 1905 3765 1958 παῖδα
3794 1904 3961 1972 θερα-

2375 1997 2575 2050 πεῦσαι
2604 1998 2703 2050 οὐκ
2733 1996 2984 2065 ἴσχυσαν.
3033 1997 3212 2066 Ἐρεῖς
3247 1998 3302 2049 δὲ
3337 1999 3489 2060 ίσως,
3524 1998 3632 2050 Καὶ
3658 1996 3748 2049 διὰ
3789 1997 3843 2047 τί
3886 1996 3961 2064 μὴ

2376 2093 2638 2160 παρεῖχεν
2678 2090 2865 2150 αὐτοῖς
2899 2089 2957 2154 ἐξ
2989 2089 3167 2158 ἀρχῆς
3192 2088 3292 2158 τὴν
3319 2088 3411 2141 τοῦ
3449 2089 3614 2156 ἁγίου
3649 2085 3966 2155 Πνεύματος

2371 2181 2581 2249 δωρεάν
2613 2198 2626 2247 ;
2658 2180 2783 2233 Ὀτι
2839 2181 3055 2243 ἀτελεῖς
3103 2179 3255 2243 ὄντες
3298 2180 3379 2232 ἐτι
3441 2180 3783 2231 ἀνεπίδεκτοι
3821 2172 3963 2245 ipsi;

2373 2272 2618 2325 τοιούτου
2655 2273 3014 2343 χαρίσματος.
3056 2271 3268 2335 ’Λλλως
3302 2289 3363 2323 τε
3394 2272 3661 2341 πρότερον
3709 2270 3822 2321 ἔδει
3868 2269 3962 2320 διὰ

2375 2366 2472 2420 τοῦ
2505 2365 2721 2425 Πάθονς
2751 2366 2845 2417 τοῦ
2878 2365 3140 2435 Χριστοῦ,
3171 2365 3266 2417 καὶ⁵
3299 2366 3655 2427 ἀναστάσεως
3682 2361 3968 2431 καθαρθῆ-

2375 2477 2465 2511 ναι
2519 2459 2619 2529 τὴν
2672 2458 2838 2527 φύσιν
2874 2458 3055 2527 ἡμῶν,
3091 2443 3361 2522 καίτότε,
3392 2460 3467 2520 ὼς
3514 2458 3658 2511 θεῖον
3711 2456 3964 2517 πλοῦτον,

2375 2551 2799 2623 παρασχεθῖγιαι
2830 2554 2947 2614 τοῖς
2974 2552 3289 2621 ἀνθρώποις
3307 2551 3367 2604 τὸ
3419 2551 3645 2620 Πνεῦμα
3688 2551 3749 2603 τὸ
3784 2549 3963 2616 ἅγιον.

2386 2643 2528 2697 Ἀλλ’
2590 2642 3029 2713 ἐπαναλάὄωμεν
3097 2644 3187 2695 τὸν
3256 2642 3415 2711 λόγον
3478 2643 3577 2711 τῆς
3635 2639 3968 2699 ἀκολουθίας

2372 2738 2644 2806 ἐχόμενοι.

693 2834 901 2903 expiari
954 2842 1240 2897 naturam,
1290 2841 1346 2886 et
1394 2840 1522 2885 tunc
1570 2830 1737 2884 veluti
1788 2830 1999 2885 divinas
2030 2831 2274 2897 divitias,
2316 2834 2543 2903 prmberi
2605 2830 2868 2901 Spiritum
2902 2840 3152 2887 sanctum
3216 2830 3552 2887 hominibus.
3588 2830 3693 2885 Sed
3725 2845 3969 2885 resuma~

698 2942 820 2981 mus
851 2940 1183 2989 sermonem,
1217 2934 1272 2979 et
1302 2924 1576 2991 Evangelii
1610 2924 1810 2979 seriem
1854 2938 2272 2993 persequamur.

775 3037 794 3070 ο
832 3018 981 3071 Dixit
1012 3027 1194 3070 autent
1230 3016 1380 3070 illis:
1418 3014 1675 3069 Videbam
1712 3015 1971 3069 Satanam
2017 3023 2275 3084 tanquam
2305 3020 2346 3077 C

699 3110 878 3180 fulgur
912 3110 977 3163 de
1010 3107 1151 3163 caelo
1179 3108 1485 3161 cadentem.
1516 3124 1536 3158 ο
1570 3106 1698 3160 llaec
1730 3105 1940 3159 Domini
1991 3108 2277 3175 responsio

698 3220 805 3257 non
839 3203 1054 3256 videtur
1102 3201 1490 3269 discipulorum
1532 3198 1772 3253 sermoni
1823 3200 2145 3253 coliterere:
2181 3201 2275 3253 sed

699 3296 843 3348 enim
876 3293 1130 3363 congruit
1163 3293 1355 3357 menti,
1390 3307 1494 3362 qua
1528 3290 1741 3346 fuerant
1787 3292 1860 3345 illi
1907 3291 2093 3346 locuti.
2128 3290 2274 3357 Quo-

700 3388 850 3441 niam
891 3388 1036 3440 enim
1090 3385 1428 3440 daemonibus
1473 3386 1662 3454 ejectis
1714 3398 1967 3453 magnum
2019 3384 2272 3452 quiddam

699 3479 766 3532 de
800 3492 858 3532 se
892 3486 1281 3545 conceperant,
1314 3476 1511 3545 quippe
1548 3477 1638 3545 qui
1668 3476 1777 3543 jam
1809 3478 1859 3528 in
1897 3474 2082 3529 mundi
2128 3468 2279 3542 prin;

698 3570 876 3640 cipem
907 3570 1341 3633 dominarentur,
1368 3578 1425 3622 ut
1448 3582 1540 3623 eos
1566 3568 1634 3621 ab
1661 3566 1975 3637 bujusmodi
1998 3566 2278 3621 existima—-

776 3750 819 3780 "
852 3747 1011 3803 Joan.
1049 3764 1143 3811 vn,
1180 3748 1271 3803 40.
1349 3749 1392 3780 ⁸⁸
1424 3747 1581 3802 Joan.
1622 3762 1715 3809 xx,
1751 3746 1845 3798 2|.

1919 3746 1962 3777 ιτ
1998 3744 2190 3799 Matth.
2226 3759 2279 3811 x,
2314 3743 2367 3797 ι.

2458 3033 2476 3066 ι
2512 3012 2647 3067 Eine
2694 3016 2751 3068 δὲ
2800 3015 3022 3077 αὐτοῖς·
3085 3013 3387 3085 Ἐθεώρουν
3439 3014 3530 3067 τὸν
3588 3014 3839 3066 Σατανᾶν
3890 3014 3973 3076 ὡς

2377 3106 2672 3178 ἀστραπὴν
2729 3110 2794 3160 ἐκ
2847 3107 2946 3160 τοῦ
3003 3107 3242 3175 οὐρανοῦ
3305 3106 3583 3159 πεσόνταο
3640 3105 3789 3157 δοκεῖ
3854 3122 3973 3165 πως

2376 3201 2755 3269 ἀσυνάρτητος
2784 3200 2921 3268 πρὸς
2974 3197 3067 3251 τὸν
3102 3198 3213 3251 τῶν
3242 3199 3558 3251 ἀποστόλων
3611 3198 3769 3264 λόγον
3808 3198 3842 3265 ὴ
3875 3197 3972 3248 τοῦ

2381 3292 2589 3361 Κυρίου
2642 3292 2961 3358 ἀπόκρισις,
3013 3289 3155 3360 πλὴν
3201 3289 3337 3343 ἀλλά
3381 3291 3783 3359 συμὸισάζεται
3832 3290 3974 3358 πρὶς

2378 3381 2478 3450 τὴν
2509 3380 2772 3444 διάνοιαν,
2798 3380 2891 3449 ἀφ’
2918 3375 2985 3451 ἦς
3011 3381 3209 3433 ἐκεῖνοι
3237 3381 3363 3443 τοὺς
3389 3382 3580 3447 λόγους
3607 3380 3967 3448 ἐφθέγξαντο.

2393 3472 2615 3541 Ἐπειδὴ
2665 3474 2776 3543 γὰρ
2823 3473 3083 3542 δαίμονας
3130 3473 3505 3537 ἀπελάσαντες
3548 3473 3693 3543 μέγα
3741 3490 3795 3524 τι
3836 3472 3973 3539 περὶ

2382 3566 2592 3618 ἑαυτῶν
2641 3565 3090 3637 ἐφαντάσθησαν,
3148 3566 3224 3630 ὡς
3280 3569 3658 3639 κρατήσαντες
3714 3566 3818 3637 ἥδη
3872 3562 3970 3616 τοῦ

2450 3745 2492 3775 ¹³
2527 3744 2693 3801 Marc.
2732 3763 2809 3812 ix,
2853 3747 2942 3801 17.

1936 3880 2252 3941 Eraneisei
2284 3883 2493 3943 Scorsi
2529 3890 2721 3945 notae.

706 4031 1035 4101 impertitam
1068 4029 1324 4098 apostolis
1350 4044 1377 4082 a
1403 4029 1625 4101 Christo
1651 4038 1775 4083 ante
1805 4038 2057 4091 mortem,
2082 4040 2135 4082 et
2160 4045 2280 4084 eam

706 4100 824 4172 qua:
858 4103 1049 4155 collata
1085 4104 1136 4152 in
1172 4115 1266 4172 eos
1305 4101 1407 4172 l'uit
1437 4110 1567 4172 post
1591 4100 2091 4172 llesurrectiouem,
2119 4116 2279 4167 quam

709 4169 865 4225 vocat
890 4185 1052 4222 unum
1080 4186 1142 4221 ex
1170 4169 1514 4222 charismatis
1539 4169 1771 4235 Spiritus
1795 4171 1970 4223 sancti
2002 4186 2014 4219 :
2043 4172 2279 4234 priorem

708 4246 853 4297 fliam
890 4250 1210 4305 potestatem
1248 4247 1438 4300 vocat,
1471 4253 1699 4303 eamque
1735 4255 1762 4288 a
1799 4240 2016 4291 Christo
2051 4252 2278 4293 conces-

709 4330 822 4367 sam
852 4326 950 4377 pro
982 4325 1045 4360 co
1077 4316 1320 4375 tempore
1351 4323 1459 4373 quo
1494 4308 1610 4359 illos
1648 4308 1891 4359 mittebat
1920 4309 2095 4360 adhuc
2133 4323 2281 4360 mor-

713 4383 869 4434 talem
900 4394 1064 4445 agens
1096 4379 1282 4441 vilatn,
1312 4383 1553 4444 adeoque
1582 4377 1895 4439 lituitatam;
1926 4379 2280 4443 posteriorem

710 4454 875 4505 luisse
912 4448 1227 4514 pleniorem,
1253 4458 1308 4497 ut
1335 4448 1761 4514 quandocunque
1790 4447 1988 4499 vellent
2016 4449 2275 4499 miracula

708 4526 1081 4590 operai-enlar.
1118 4514 1179 4590 S.
1214 4517 1439 4584 Gregor.
1467 4515 1727 4590 Nazianz.
1760 4516 2099 4590 discriminat
2142 4517 2283 4568 inter

2380 4032 2526 4086 dieat
2564 4032 2854 4099 Apostolus
2894 4050 2909 4089 :
2958 4032 3251 4101 Divisiones
3294 4032 3589 4101 gratiarum
3638 4043 3791 4096 sunt,
3830 4035 3975 4087 idem

2380 4113 2558 4182 autem
2611 4101 2881 4182 Spiritus?
2912 4100 2977 4182 μ’
3026 4101 3146 4182 cor.
3180 4118 3275 4165 sit,
3421 4103 3525 4155 Sed
3562 4102 3814 4182 intelligit
3864 4120 3973 4157 non

2383 4173 2549 4223 fuisse
2585 4187 2647 4224 cx
2686 4170 3019 4239 plenitudine
3063 4172 3150 4223 illa
3192 4172 3487 4239 gratiarum
3532 4183 3647 4239 post
3697 4170 3972 4225 llesorre-

2380 4242 2615 4293 etionem
2653 4241 2854 4294 Christi
2892 4238 3391 4308 largecopioseque
3422 4238 3625 4303 etInSa;
3663 4241 3754 4293 sed
3789 4243 3969 4294 solum

2381 4322 2588 4379 partem
2618 4309 2861 4379 aliquam
2896 4323 3172 4379 acceptam
3205 4325 3300 4375 pro
3336 4321 3579 4373 tempore
3610 4310 3728 4373 ejus
3755 4314 3969 4377 gratias.

2456 4378 2566 4444 (6:2)
2604 4378 2850 4447 Eloquio.
2874 4380 3010 4435 Cod.
3044 4378 3215 4432 Vatic.
3252 4381 3338 4431 hic
3371 4380 3555 4441 habet,
3585 4380 3612 4431 ὁ
3650 4381 3973 4448 Βοανέργης

2386 4449 2782 4516 εὐαγγελιστής
2805 4466 2819 4479 ·
2853 4464 3004 4501 meus
3034 4466 3097 4502 ex
3135 4449 3307 4517 Gallia
3346 4458 3701 4501 transmissus
3732 4452 3759 4500 ὁ
3799 4466 3978 4517 μεγα-

2386 4519 2627 4585 λόφωνος
2668 4520 2782 4579 οἰὸς
2811 4520 2912 4587 τῆς
2948 4518 3197 4587 βροντῆς.
3233 4516 3293 4569 Et
3326 4533 3455 4569 sane
3485 4518 3548 4568 τὸ
3583 4516 3977 4586 μεγαλόφωνον

711 4566 825 4645 hinc
860 4591 997 4640 dona
1035 4588 1271 4654 Spiritus
1304 4566 1511 4649 sancti,
1547 4585 1652 4637 alio
1692 4598 1851 4652 atque
1895 4587 2003 4638 alio
2043 4596 2281 4653 tempore
2318 4566 2357 4617 ί)
2388 4566 3200 4641 adtvim‘acsubliineritii-eiidi
3233 4566 3539 4653 hic
3564 4566 3824 4654 perimet:
3840 4566 3971 4641 ﬁll-(ili

709 4659 970 4726 apostolis
1014 4670 1312 4726 Concessa;
1351 4656 1425 4707 ait
1465 4658 1607 4706 enim
1657 4670 1669 4706 :
1706 4654 1932 4726 Spiritus
1976 4668 2187 4726 sanctus
2233 4658 2287 4705 in

708 4724 904 4785 Christi
968 4725 1241 4789 discipulis
1309 4726 1409 4776 vim
1475 4740 1624 4775 suam
1690 4724 1918 4777 exercuit
1982 4725 2283 4792 trifariam,

711 4800 977 4863 tribusque
1012 4794 1345 4861 temporibus,
1381 4804 1533 4858 prout
1570 4792 1801 4863 ipsorum
1839 4804 2019 4856 raptus
2062 4794 2281 4856 ferebat,

712 4861 900 4929 nempe-
923 4877 1200 4931 antequam
1234 4864 1473 4913 Christus
1504 4878 1593 4928 per
1630 4861 1931 4915 l’ttssionem
1962 4863 2285 4929 gloriﬁcatas

710 4948 878 4999 esset;
908 4947 1177 5001 postquam
1207 4946 1298 4996 per
1325 4931 1779 4984 Resonet-tionem
1806 4934 2130 5003 glori/tentus
2159 4936 2282 5003 fuit,

713 5027 777 5063 ac
808 5008 1029 5072 denique
1059 5014 1168 5068 post
1201 5003 1313 5069 ejus
1347 5002 1399 5052 in
1428 5005 1611 5053 (mlum
1644 5000 1939 5072 ascensum.
1966 5005 2082 5055 Hoc
2111 5000 2284 5053 autem

712 5070 980 5144 perspicue
1016 5075 1240 5144 ostendit
1276 5081 1385 5122 tum
1425 5074 1593 5144 prima
1630 5070 1723 5121 illa
1762 5076 2095 5144 morborum:
2128 5074 2286 5133 spiri-

715 5140 963 5213 timmquc
996 5142 1253 5210 depulsio,
1286 5158 1400 5213 qua:
1444 5142 1637 5194 scilicet
1680 5158 1783 5213 non
1824 5144 2011 5213 absque
2053 5140 2285 5205 Spiritus

714 5210 926 5271 numine
955 5214 1141 5280 (iebat;
1175 5221 1280 5261 tam
1310 5210 1404 5261 illa
1430 5220 1540 5276 ρυλε
1564 5210 1854 5277 confectura
1880 5212 2069 5263 salutis
2095 5220 2285 5263 no:tr.t:

712 5286 973 5355 negotium
1025 5282 1341 5355 insuﬁlatio,
1386 5297 1502 5355 quae
1552 5281 1830 5355 arviiiioris
1884 5286 2068 5347 procul
2125 5281 2283 5331 dubio

712 5350 1077 5425 iiuipfratiouis
1115 5354 1374 5425 specimen
1408 5350 1814 5425 Itabebat;_tiiiit
1849 5361 2109 5417 postremo
2140 5366 2283 5425 prro:

712 5419 829 5480 seiis
861 5426 971 5476 licet:
1004 5426 1272 5491 igncarum
1303 5423 1603 5491 linguarum
1632 5421 1843 5482 divisio,
1874 5437 2030 5486 quam
2064 5419 2283 5473 solemni

716 5497 846 5565 {esto
901 5489 1242 5565 celebramus.
1311 5489 1499 5543 Verum
1555 5493 1723 5551 primo
1773 5491 1978 5565 quidem
2012 5492 2280 5565 _obscurc,

716 5558 943 5620 'secundo
987 5564 1304 5629 expressius,
1337 5575 1474 5613 nunc
1514 5576 1629 5614 vero
1674 5560 1975 5627 perfectius.
2011 5558 2283 5614 Hactenus

712 5635 942 5700 Grcgor.
974 5648 1038 5683 ex
1084 5632 1240 5701 cujus
1282 5631 1523 5684 doctrina
1568 5632 2131 5701 interpretandusgest
2174 5632 2281 5701 hic,

710 5698 850 5759 cuni
875 5698 1191 5770 potestatem
1230 5700 1611 5754 miraculorum
1648 5702 1915 5770 diversam
1954 5698 2118 5752 fuisse
2153 5700 2283 5752 dicit

716 5779 785 5829 ab
813 5767 1140 5826 charismate
1170 5771 1401 5839 Spiritus
1432 5770 1625 5824 sancti.
1654 5767 1770 5823 Non
1802 5769 1945 5839 enim
1976 5779 2136 5835 negat
2160 5783 2278 5821 eam

705 5864 821 5899 .non
864 5844 1028 5898 luis~e
1071 5838 1269 5897 donum
1314 5839 1549 5911 Spiritus
1590 5840 1781 5895 sancti.
1815 5838 1917 5904 Qui
1963 5841 2125 5902 enim,
2161 5854 2279 5894 cum

2390 4658 2454 4709 ad
2514 4659 2659 4709 vocis
2716 4658 3141 4711 contentionem.
3194 4658 3268 4709 Ita
3320 4655 3547 4723 Gregor.
3594 4654 3855 4708 Nazianz.
3904 4662 3974 4710 ad

2392 4725 2645 4778 Basilium
2679 4729 2923 4779 scribens
2956 4743 2971 4779 :
3004 4728 3175 4787 Αὐτὸς
3204 4725 3387 4776 ταῦτα
3412 4726 3793 4793 τραγωδήσεις
3826 4726 3978 4795 ὑψη-

2388 4795 2605 4861 λότερον
2634 4797 2697 4845 ἐκ
2714 4797 2821 4847 τῶν
2838 4796 3050 4847 οἰκείων
3076 4797 3266 4846 παθών
3299 4794 3439 4861 ἔχων
3464 4796 3524 4845 τὸ
3556 4794 3971 4861 μεγαλόφωγο

2390 4866 2518 4929 Qua:
2551 4864 2737 4916 Dillius
2772 4866 2845 4916 ita
2881 4866 3149 4919 intellexit
3178 4875 3229 4916 et
3259 4864 3419 4916 vertit
3455 4882 3467 4916 :
3508 4864 3641 4927 Qnte
3676 4877 3731 4916 tu
3770 4868 3975 4916 scilicet

2388 4936 2660 4987 sublimius
2696 4938 3062 5001 exaggerabis,
3099 4935 3331 5000 propriis
3364 4949 3542 5001 nempe
3576 4933 3975 4985 calamitatibus

2390 5008 2648 5055 orationis
2689 5006 3103 5072 magnitudinem
3144 5005 3233 5053 tibi
3272 5004 3753 5068 suppeditantibus.
3795 5003 3857 5054 Et
3903 5007 3974 5055 ad

2386 5075 2637 5125 eumdem
2664 5074 2764 5123 alia
2798 5091 2811 5123 :
2840 5073 2974 5124 Οὐδὲ
3006 5073 3112 5141 γὰρ
3140 5072 3297 5133 ἄλλος
3323 5087 3407 5131 τις
3433 5072 3598 5135 ἀξίως
3629 5072 3972 5138 ἐθαύμασεν,

2387 5142 2419 5210 ἢ
2465 5142 2830 5210 θαυμάσεται,
2862 5144 2945 5195 ὅτι
2988 5142 3064 5210 μὴ
3105 5142 3193 5204 σὺ,
3240 5143 3333 5193 καὶ
3370 5143 3399 5207 ἡ
3444 5158 3511 5209 ση
3557 5143 3971 5208 μεγαλοφωνία.

2388 5214 2587 5265 tandem
2631 5214 2862 5279 llllel'pl'.
2897 5228 2913 5265 :
2952 5213 3137 5280 Neque
3168 5216 3307 5261 enim
3346 5213 3481 5262 alius
3517 5213 3799 5279 quisquam
3840 5227 3976 5263 satis

2384 5282 2540 5349 digne
2590 5291 2639 5333 te
2696 5281 2964 5345 laudavit,
3008 5292 3100 5333 aut
3152 5281 3467 5332 laudaturus
3520 5292 3598 5333 est
3650 5292 3844 5346 prwter
3893 5292 3975 5343 te,

2391 5360 2639 5417 tuamque
2694 5354 2748 5402 in
2803 5352 3023 5403 dicendo
3083 5349 3481 5403 sublimitatem.
3540 5352 3603 5403 Et
3660 5352 3715 5403 in
3775 5352 3972 5403 eadem

2386 5420 2556 5487 Epist.
2583 5439 2595 5472 :
2629 5422 2687 5472 '0
2712 5422 2807 5489 τῆς
2824 5422 3148 5487 οἰκουμένης
3172 5419 3474 5487 ὀφθαλμὸς,
3503 5421 3536 5489 ἡ
3571 5421 3786 5488 μεγάλη
3815 5420 3973 5486 φωνὴ

2385 5491 2479 5542 καὶ
2504 5490 2759 5554 σάλπιγξ,
2785 5494 2843 5542 τὸ
2860 5492 2969 5541 τῶν
2995 5492 3167 5556 λόγων
3190 5489 3482 5557 βασίλειον·
3512 5489 3586 5541 Tn
3616 5490 3756 5541 orbis
3775 5499 3977 5551 tanien,

2375 5577 2575 5628 magna
2626 5577 2752 5624 vox,
2790 5570 2837 5613 et
2889 5562 3016 5613 tuba
3063 5559 3318 5612 doctrina:
3370 5560 3536 5628 regia.
3578 5558 3653 5611 Ita
3711 5557 3769 5611 S.
3806 5558 3969 5611 Joan.

2384 5645 2574 5695 evang.
2608 5630 2970 5700 TueOpbanes
3013 5637 3198 5700 noster
3239 5629 3428 5684 tribuit
3468 5631 3529 5681 τὸ
3574 5630 3972 5700 μεγαλόφωνον

2384 5703 2593 5768 potiore
2623 5699 3024 5769 jareallndens
3053 5699 3119 5752 ad
3157 5714 3353 5752 nomen
3392 5701 3611 5753 tonitrui
3636 5740 3650 5761 ,
3685 5710 3850 5766 atque
3902 5699 3970 5749 ad

2383 5770 2670 5823 Sublunein
2702 5772 2768 5824 de
2793 5770 3077 5823 divmitate
3106 5770 3311 5823 Christi
3344 5771 3673 5833 doctrinam,
3710 5783 3880 5836 quam
3917 5770 3971 5821 ill

2385 5842 2678 5907 Evangelio
2707 5856 2807 5895 suo
2844 5841 3029 5894 tradit.
