4184 6440
676 373 806 439 ’879

1913 368 2407 431 THEOPHANIS
2448 369 2791 432 CERAMEI

3874 368 3986 433 880

702 496 973 563 ipsedixit
998 517 1009 551 :
1038 515 1055 548 ι
1096 496 1187 550 Vae
1209 494 1326 558 libi,
1352 491 1760 562 Capharnaum,
1801 506 1973 561 usque
1999 494 2053 545 in
2086 492 2283 546 cmlum

2393 496 2698 564 περναοῦμ,
2727 497 2758 565 ή
2792 494 2895 557 ἕως
2926 496 3035 548 τῶν
3060 496 3309 567 οὐρανῶν
3341 497 3639 568 ὑψωθεῖσα.
3683 516 3701 550 ι
3736 496 3846 550 Καὶ
3874 498 3989 567 μὴν

699 588 971 642 ρλιιΙιδιιιί
1008 608 1026 639 s
1052 589 1192 653 Quin
1236 595 1290 641 ct
1326 587 1495 639 undas
1531 587 1699 638 maris
1759 598 1932 652 usque
1973 585 2038 637 ad
2090 583 2287 637 coelum

700 681 995 734 ascendere
1024 678 1188 731 David
1216 678 1291 731 ait
1316 677 1359 707 "
1380 694 1393 741 ;
1417 676 1495 729 sic
1525 675 1690 744 igitur
1714 683 1774 727 et
1800 674 1902 728 hoc
1926 674 2046 726 loco
2070 674 2133 725 ad
2163 672 2288 725 alti-

702 770 941 823 tudinem
973 768 1313 820 indicandam
1346 778 1539 817 nomen
1568 762 1692 817 cali
1721 763 1969 830 sumpsit.
1998 758 2119 813 Non
2143 761 2287 815 enim

699 875 837 928 erat,
867 871 923 915 ut
955 862 1089 924 dixi,
1117 860 1348 913 Satanas
1373 859 1423 911 in
1449 856 1587 911 emlo
1612 857 1749 926 (64),
1776 856 1868 909 sed
1897 855 2224 909 constitutus
2257 868 2286 907 a

710 955 841 1020 Deo,
868 966 1155 1023 antequam
1182 953 1427 1017 caderet,
1452 950 1616 1021 334
1659 960 1713 1004 et
1731 949 1968 1017 caligine
1997 948 2067 1003 ob
2092 962 2285 1017 super.

702 1048 846 1101 biam
880 1047 1268 1108 involveretur,
1308 1055 1364 1097 ut
1390 1045 1662 1098 obtineret
1696 1051 1967 1095 terrarum
1996 1042 2283 1105 ambitum,

703 1142 757 1193 in
796 1154 969 1208 eoque
1022 1139 1421 1191 dominaretur.
1458 1135 1521 1189 Et
1573 1135 1792 1205 quidem
1826 1144 1952 1188 ante
1986 1133 2286 1188 Salvatoris

700 1232 996 1284 adventum
1058 1230 1208 1300 (65)
1255 1229 1471 1284 diliicile
1528 1229 1769 1297 superari
1825 1236 2058 1296 poterat,
2119 1236 2173 1281 et
2229 1228 2283 1280 in

695 1338 857 1374 omne
897 1324 1038 1391 quod
1075 1322 1177 1376 sub
1240 1321 1377 1374 coelo
1411 1329 1516 1383 est,
1552 1320 1834 1373 audaciam
1878 1334 1940 1372 ac
1989 1318 2285 1388 potentiam

684 1415 953 1467 ~exerebat
992 1430 1166 1466 suam.
1204 1412 1300 1465 Ubi
1341 1427 1469 1467 vero
1513 1412 1607 1465 Dei
1650 1410 1976 1479 Unigenitus
2028 1410 2286 1463 similitu-

695 1504 877 1557 dinem
915 1519 1155 1559 nostram
1191 1505 1497 1573 suscipiens
1554 1503 1731 1557 lactus
1768 1510 1850 1556 est
1888 1504 2075 1565 homo,
2113 1502 2286 1555 imbe-

694 1596 832 1649 cillis
866 1599 1035 1650 evasit
1076 1597 1350 1661 inimicus,
1381 1604 1435 1649 et
1471 1596 1558 1662 qui
1603 1594 1751 1662 prius
1788 1594 1965 1647 audax
2002 1592 2199 1656 fuerat,
2234 1600 2286 1645 et

696 1682 1091 1749 formidandus,
1131 1684 1284 1752 quasi
1329 1682 1587 1751 profugus
1623 1682 1841 1751 quidam
1878 1691 1927 1735 et
1984 1680 2140 1734 exsul
2200 1688 2283 1733 est

698 1776 892 1828 tactus.

772 1884 791 1917 ι
842 1866 981 1921 Ecce
1040 1864 1162 1918 dedi
1223 1864 1375 1919 vobis
1436 1872 1759 1931 potestatem
1814 1861 2061 1917 calcandi
2120 1862 2358 1932 superB

698 1965 979 2026 serpentes
1012 1965 1063 2011 et
1110 1955 1447 2023 scorpiones,
1482 1962 1535 2007 et
1591 1969 1751 2022 super
1786 1967 2001 2008 onmem
2050 1964 2291 2023 potesta-

696 2058 803 2103 tem
873 2048 1101 2103 inimici.
1142 2068 1159 2097 ι
1201 2047 1329 2099 Data
1361 2045 1579 2115 quidem
1643 2045 1905 2113 apostolis
1975 2046 2074 2099 luit
2111 2046 2286 2099 virtus

692 2144 857 2196 etiam
912 2140 1177 2194 adversus
1226 2139 1517 2193 sensibiles
1571 2138 1737 2193 feras.
1788 2137 1920 2192 Nam
1968 2148 2023 2193 et
2072 2130 2289 2194 divinus

699 2252 876 2307 praeco
908 2237 1185 2306 Philippus
1218 2236 1456 2305 viperam
1488 2236 1631 2288 illam
1670 2234 1782 2304 (66)
1817 2236 1881 2287 ab
1937 2234 2291 2304 llieropolitis

700 2341 755 2383 ut
784 2345 987 2385 numen
1037 2328 1261 2392 cultam,
1296 2328 1551 2398 precibus
1599 2328 1772 2381 solum
1818 2326 2079 2380 adhibitis
2123 2336 2286 2393 rupit,

696 2434 748 2476 ct
805 2421 1116 2482 interemit;
1150 2432 1201 2474 et
1252 2421 1444 2473 beatus
1484 2418 1683 2472 Paulus
1740 2419 1853 2472 [era
1888 2418 1938 2471 in
1969 2432 2288 2471 succensam

693 2528 880 2582 pyram
917 2526 1145 2565 excussa
1200 2511 1399 2563 mansit
1454 2509 1761 2564 incolumis.
1795 2508 1902 2563 Sed
1933 2518 1987 2563 et
2031 2508 2291 2563 adversus

701 2604 1073 2674 intelligibilcs
1101 2604 1267 2667 l'eras,
1297 2604 1606 2657 immundos
1641 2603 1763 2655 dico
1806 2602 2099 2663 daemones,
2134 2614 2291 2653 acce-

695 2712 826 2764 pere
867 2706 1221 2765 potestatem,
1262 2697 1326 2749 de
1356 2695 1552 2763 quibus
1598 2697 1651 2747 in
1691 2694 2029 2748 Psalmorum
2063 2694 2289 2747 canticis

697 2787 947 2855 prazdixit
999 2786 1167 2840 David
1210 2805 1221 2839 :
1260 2804 1279 2837 ι
1336 2787 1509 2855 Super
1571 2786 1811 2854 aspidem
1858 2796 1912 2839 et
1976 2784 2287 2838 basiliscum

697 2880 1031 2946 ambulabis,
1066 2890 1119 2933 et
1148 2879 1493 2935 conculcabis
1532 2879 1741 2932 leonem
1774 2888 1828 2930 et
1855 2878 2143 2931 draconem
2164 2877 2210 2906 “
2238 2893 2280 2929 ε»

697 2974 762 3025 ad
796 2973 1161 3040 apostolorum
1192 2982 1391 3027 emtum
1425 2973 1537 3025 haec
1562 2971 1787 3024 omnino
1820 2983 2045 3023 canens.
2072 2966 2137 3021 Et
2157 2983 2287 3022 vero

702 3068 983 3121 Habacum
1018 3069 1278 3138 propheta
1323 3069 1428 3120 vim
1465 3067 1835 3152 apostoloru‘m
1871 3073 2057 3118 contra
2095 3062 2283 3116 diabo-

699 3163 805 3214 lum
823 3171 1098 3231 acceptam
1134 3162 1304 3230 magis
1340 3162 1649 3230 expressit:
1689 3177 1707 3210 ι
1743 3156 1858 3221 νει),
1895 3157 2168 3225 inquiens,
2194 3156 2283 3223 qui

2398 590 2494 639 καὶ
2536 589 2605 640 τὰ
2653 587 2917 639 θαλάττια
2976 588 3199 657 κύματα
3247 589 3352 654 ἕως
3388 590 3498 642 τῶν
3550 590 3801 659 οὐρανῶν
3855 592 3990 643 ἀνα-

2396 679 2608 733 ϐαίνειν
2656 679 2802 747 λέγει
2844 680 3011 733 Δαϐίδ
3039 699 3052 711 ν
3090 682 3236 734 οὕτω
3285 682 3418 749 γοῦν
3460 681 3743 734 κάνταῦθα
3779 685 3861 743 εἰς
3895 684 3990 751 δή·

2396 768 2560 822 λωσιν
2590 771 2685 823 τοῦ
2727 770 2896 840 ὕψους
2928 771 3120 842 εἴληφε
3170 772 3261 825 τὸν
3304 774 3558 842 οὐρανόν.
3597 769 3707 826 Ἦν
3742 776 3875 843 γὰρ,
3910 774 3988 837 ὡς

2396 859 2555 930 ἔφην,
2592 864 2620 915 6
2647 862 2895 925 Σατανᾶς
2930 864 3032 915 οὐκ
3061 864 3121 915 ἐν
3154 864 3430 933 οὐρανοῖς,
3472 866 3609 918 ἀλλά
3640 866 3985 934 τεταγμένος

2397 956 2501 1007 ὑπὸ
2532 956 2667 1007 Θεοῦ
2698 955 2797 1026 τὴν
2833 955 3115 1025 περίγειον
3165 956 3323 1025 λῆξιν
3361 958 3619 1026 κατέχειν
3646 974 3705 1008 τε
3751 958 3848 1009 καὶ
3885 975 3983 1009 πε-

2397 1049 2681 1115 ρικρατεῖν
2712 1047 2819 1117 πρὸ
2849 1048 2942 1100 τοῦ
2976 1052 3334 1113 καταπεσεῖν,
3366 1049 3462 1101 καὶ
3494 1050 3854 1118 σκοτισθῆναι
3896 1051 3984 1104 διὰ

2394 1138 2493 1200 τὴν
2521 1138 2780 1209 ἔπαρσιν.
2821 1141 2929 1193 Καὶ
2974 1140 3081 1210 πρὸ
3129 1140 3229 1209 μὲν
3262 1142 3364 1211 τῆς
3396 1140 3494 1193 τοῦ
3523 1142 3798 1212 ιΣωτῆρος
3839 1144 3983 1195 οἰκο-

2395 1227 2589 1297 νομίας
2622 1229 3137 1296 δυσανταγώνιστος
3173 1227 3268 1300 ᾖν,
3325 1232 3419 1283 καὶ
3469 1231 3601 1301 ὅλης
3637 1232 3985 1301 κατεθρασύ-

2394 1338 2516 1372 νετο
2560 1322 2660 1391 τῆς
2692 1322 2783 1375 ὑπ’
2833 1323 3089 1391 οὐρανόν.
3144 1324 3367 1394 Ἐπειδὴ
3402 1324 3457 1376 δὲ
3508 1326 3608 1395 τὴν
3648 1325 3786 1393 πρὸς
3835 1327 3985 1394 ἡμεῖς

2394 1412 2651 1481 ὁμοίωσιν
2688 1414 2936 1468 ὑπελθὼν
2969 1418 2997 1468 6
3031 1416 3348 1486 Μονογενὴς
3401 1416 3628 1483 γέγονεν
3666 1417 3981 1485 ἄνθρωπος,

2393 1506 2695 1576 ἠσθένησεν
2725 1509 2753 1560 6
2777 1498 2993 1578 ἐχθρὸς,
3033 1510 3127 1561 καὶ
3154 1510 3181 1560 6
3208 1510 3375 1563 πάλαι
3406 1511 3615 1579 θρασὺς
3651 1511 3743 1561 καὶ
3774 1510 3985 1577 ἀπρὸσο

2398 1616 2505 1662 ιτος
2536 1599 2782 1668 ἐγεγόνει
2820 1601 3023 1670 φυγάς.

2467 1868 2487 1900 ι
2538 1850 2669 1902 Ἰδοὺ
2723 1850 2920 1919 δίδωμι
2984 1852 3117 1921 ὑμῖν
3168 1851 3269 1922 τὴν
3323 1852 3575 1917 ἐξουσίαν
3636 1854 3733 1908 τοῦ
3780 1857 3980 1909 πατεῖν

2392 1940 2579 1993 ἐπάνω
2623 1940 2800 2007 δςρεων
2850 1941 2943 1992 καὶ
3012 1942 3313 2012 σκορπίων,
3366 1944 3461 1997 καὶ
3514 1943 3609 1997 ἐπὶ
3660 1948 3844 2000 πᾶσαν
3883 1949 3981 2016 τὴν

2391 2030 2625 2099 δύναμιν
2650 2029 2744 2082 τοῦ
2777 2029 2994 2101 ἐχθροῦ.
3036 2050 3055 2083 ι
3096 2031 3317 2085 Δέδοται
3354 2033 3453 2102 μὲν
3500 2036 3615 2095 τοῖς
3646 2035 3981 2098 ἀποστόλοις

2393 2123 2485 2175 καὶ
2520 2123 2551 2191 ἡ
2588 2122 2728 2175 κατά
2759 2123 2869 2175 τῶν
2912 2124 3190 2194 αἰσθητῶν
3234 2125 3445 2196 θηρίων
3495 2125 3669 2196 ἰσχύς.
3706 2127 3838 2181 Ὅτε
3870 2129 3981 2198 γάρ

2393 2214 2667 2287 θεοκῆρυξ
2696 2216 2966 2279 Φίλιππος
2995 2217 3092 2288 τὴν
3124 2219 3278 2289 παρά
3294 2219 3401 2271 τῶν
3440 2220 3820 2289 Ἱεροπολιτῶν
3887 2239 3979 2275 σε-

2392 2308 2634 2379 ϐομένην
2661 2308 2877 2379 ἔχιδναν
2912 2309 3045 2380 εὐχῇ
3083 2312 3221 2381 μόνῃ
3251 2310 3528 2382 διέρρηξε,
3559 2312 3653 2363 καὶ
3682 2312 3935 2366 ἀπώλεσε
3956 2329 3977 2346 ο

2391 2401 2486 2455 καὶ
2509 2404 2537 2455 6
2565 2402 2834 2472 μακάριος
2856 2402 2911 2455 δὲ
2939 2403 3153 2465 Παῦλος
3199 2405 3256 2455 ἐν
3287 2407 3353 2475 τῇ
3395 2406 3545 2475 νήσῳ
3574 2408 3782 2477 Μελίτῃ
3805 2408 3865 2460 τὸ
3884 2409 3982 2480 θη-

2395 2494 2510 2563 ρίον
2548 2496 2606 2547 ἐν
2634 2498 2701 2566 τῇ
2742 2498 2993 2566 πυρκαῖᾷ
3022 2497 3381 2567 τιναξάμενος
3410 2498 3680 2567 διέμεινεν
3708 2502 3979 2571 ἀϐλαϐής.

2396 2584 2631 2638 Ἐλαϐον
2660 2587 2718 2639 δὲ
2765 2589 2861 2641 καὶ
2892 2592 2992 2659 τὴν
3019 2589 3163 2642 κατὰ
3198 2589 3307 2642 τῶν
3342 2590 3552 2659 νοητῶν
3586 2591 3795 2661 θηρίων
3818 2594 3983 2647 δύνα-

2395 2693 2488 2744 μιν
2532 2678 2642 2730 τῶν
2689 2679 3019 2750 ἀκαθάρτων
3077 2681 3351 2747 δαιμόνων
3399 2684 3563 2752 φημὶ,
3630 2686 3760 2743 περὶ
3808 2679 3886 2739 ὧν
3922 2689 3981 2739 ἐν

2392 2770 2690 2839 ψαλμικοῖς
2718 2771 2912 2841 ὕμνοις
2955 2772 3265 2843 προεφώνει
3296 2776 3460 2828 Δαϐίδ
3500 2792 3513 2803 ⁵
3554 2794 3573 2826 ι
3619 2776 3743 2829 Ἐπὶ
3776 2780 3982 2833 ἀσπίδα

2398 2864 2492 2915 καὶ
2527 2862 2849 2931 βασιλίσκον
2880 2864 3145 2935 ἐπιϐήσῃ,
3191 2866 3287 2918 καὶ
3311 2870 3723 2937 καταπατήσεις
3760 2869 3979 2931 λέοντα,

2392 2954 2486 3004 καὶ
2514 2937 2789 3022 δράκοντα
2813 2970 2828 2984 ·
2867 2971 2885 3004 ι
2922 2955 3099 3007 πάντα
3140 2955 3278 3025 πρὸς
3308 2955 3400 3008 τὸν
3431 2957 3792 3009 ἀποστολικὺν
3820 2960 3984 3028 χορὸν

2390 3044 2561 3099 ταῦτα
2585 3047 2797 3114 φωνῶν·
2825 3047 2930 3098 Kal
2969 3044 3286 3117 Ἀϐϐακοὺμ
3313 3047 3368 3100 δὲ
3399 3050 3427 3100 6
3457 3050 3743 3118 προφήτης
3778 3052 3985 3121 ἐκφανο

2389 3138 2688 3207 τικώτερον
2722 3136 2841 3190 εἷπε
2874 3140 2973 3209 τὴν
3000 3140 3141 3192 κατὰ
3168 3138 3264 3191 τοῦ
3310 3139 3563 3193 διαϐόλου
3598 3141 3706 3192 τῶν
3742 3144 3985 3195 ἀποστόο

705 3253 1030 3323 multiplicat
1083 3254 1185 3307 sibi
1238 3268 1357 3322 qua:
1406 3269 1509 3305 non
1558 3260 1683 3306 sunt
1740 3266 1873 3314 sua;
1932 3249 2055 3318 quia
2108 3248 2286 3302 subito

2393 3232 2499 3284 λων
2530 3232 2683 3301 ἰσχύν
2710 3249 2722 3260 ·
2764 3251 2782 3282 ι
2826 3232 2986 3298 Οὐαὶ,
3038 3233 3235 3301 λέγων,
3276 3235 3305 3284 6
3355 3234 3649 3303 πληθύνων
3699 3236 3883 3304 ἐαυτῷ
3917 3237 3986 3287 τὰ

698 3355 1029 3414 consurgent
1059 3344 1371 3398 mordentes
1404 3358 1564 3397 eum:
1599 3346 1723 3412 quia
1757 3342 2070 3409 CXSpOIiaSll
2100 3350 2287 3409 gentes

700 3438 916 3505 multas,
952 3438 1332 3507 cxspoliabunt
1370 3448 1419 3491 te
1468 3453 1659 3492 omnes
1710 3436 1903 3505 reliqui
1950 3435 2131 3504 pepuli
2156 3436 2223 3487 ’⁵.
2266 3452 2284 3484 ι

700 3531 868 3600 Igitur
900 3541 1091 3586 contra
1128 3532 1269 3585 hunc
1297 3531 1592 3585 draconem
1642 3539 1696 3583 et
1728 3529 2000 3582 dannones
2050 3527 2152 3581 sub
2199 3526 2291 3580 illo

700 3623 995 3677 militantes
1027 3637 1304 3691 pramones
1341 3623 1537 3676 divina:
1584 3620 1717 3690 legis
1749 3634 2009 3687 accepere
2056 3627 2293 3687 potesta-

698 3725 843 3779 tem;
878 3725 933 3768 et
984 3726 1168 3770 contra
1222 3730 1412 3769 eorum
1469 3714 1705 3767 cultores
1741 3712 1877 3782 (67),
1923 3720 1977 3765 et
2032 3718 2295 3779 quotquot

700 3804 989 3877 Evangelio
1015 3808 1286 3860 adversati
1315 3812 1463 3869 sunt,
1492 3804 1690 3873 quibus
1721 3803 1981 3866 subactis,
2004 3811 2058 3855 et
2090 3801 2293 3853 attritis

699 3899 1045 3967 Evangelinm
1076 3901 1275 3968 ubique
1300 3898 1541 3968 gentium
1603 3899 1873 3965 prolatum
1926 3891 2129 3949 est.Ne
2166 3905 2293 3945 vero

696 3988 868 4053 gratia
902 3998 953 4040 et
980 3990 1154 4043 virtus
1187 3988 1577 4042 miraculorum
1629 3987 1897 4052 superbire
1932 3994 2140 4039 motum
2190 3983 2296 4037 illis

695 4074 976 4141 injiceret,
1024 4076 1173 4130 addit
1233 4076 1524 4129 Salvator:
1580 4091 1598 4123 ι
1643 4072 2028 4128 Verumtamen
2085 4072 2137 4125 in
2194 4071 2296 4125 hoc

764 4232 809 4265 ³³
846 4231 986 4287 Psal.
1018 4247 1126 4297 εισι,
1162 4232 1253 4287 26.
1330 4233 1378 4264 “
1405 4231 1550 4287 Psal.
1584 4246 1669 4297 xc,
1700 4231 1789 4287 15.

1866 4232 1911 4263 ’⁸
1952 4227 2159 4285 Habac.
2186 4243 2246 4294 ιι,
2281 4228 2337 4285 7.

2396 3325 2495 3377 οὐκ
2561 3325 2691 3377 ὄντα
2744 3323 2909 3377 αὐτοῦ
2940 3365 2954 3390 ,
3008 3325 3094 3378 ὅτι
3164 3325 3427 3393 ἐξαίφνης
3478 3327 3883 3397 ἀναστήσονται
3931 3331 3981 3381 οἱ

2388 3416 2676 3479 δάκνοντες
2736 3417 2899 3469 αὐτόν
2932 3433 2945 3446 ο
2975 3417 3057 3469 ὅτι
3104 3418 3167 3470 σὺ
3224 3416 3558 3479 ἐσκύλευσας
3600 3417 3726 3487 ἔθνη
3790 3420 3981 3483 πολλὰ,

2393 3510 2751 3563 σκυλεύσουσί
2802 3527 2860 3562 σε
2926 3511 3130 3573 πάντες
3160 3510 3218 3563 οῖ
3266 3511 3719 3581 ὑπολελειμμένοι
3772 3514 3913 3567 λαοί.
3959 3534 3977 3564 ι

2394 3604 2551 3655 Κατὰ
2576 3604 2771 3656 τούτου
2806 3604 2939 3672 γοῦν
2974 3605 3070 3657 τοῦ
3101 3605 3401 3675 δράκοντος
3430 3607 3525 3659 καὶ
3550 3607 3658 3659 τῶν
3690 3608 3785 3659 ὑπ’
3813 3609 3984 3661 αὐτοῦ

2392 3696 2669 3764 δαιμόνων
2713 3697 2906 3751 ἐλαϐον
2954 3696 3209 3761 ἐξουσίαν
3250 3700 3297 3749 οί
3330 3698 3701 3768 θεοκήρυκες,
3740 3703 3835 3753 καὶ
3874 3703 3987 3753 τῶν

2393 3790 2637 3851 ἐκεινους
2667 3790 3070 3859 λατρευόντων,
3112 3791 3207 3842 καὶ
3228 3791 3537 3856 διωξάντων
3566 3794 3627 3845 τὸ
3670 3794 3941 3863 κήρυγμα.
3968 3808 3987 3824 ⁸

2393 3880 2486 3943 οὓς
2524 3881 2894 3952 πατήσαντες,
2946 3886 3041 3935 καὶ
3087 3884 3483 3952 συντρίψαντες
3534 3890 3595 3938 τὸ
3631 3888 3982 3955 Εὑαγγέλιον

2397 3971 2676 4043 πανταχοῦ
2722 3973 3123 4042 διεξήπλωσαν.
3156 3975 3276 4027 Ἰνα
3325 3975 3381 4028 δέ
3418 3978 3495 4047 μὴ
3524 3978 3634 4029 τῶν
3668 3981 3917 4048 σημείων
3952 3984 3986 4049 ὴ

2398 4069 2579 4139 χάρις,
2609 4069 2707 4122 καὶ
2731 4069 2765 4138 ή
2800 4067 3053 4138 ἐνέργεια
3098 4068 3480 4138 ὑπερηφανίας
3528 4072 3749 4139 ἐνθήσει
3802 4074 3982 4135 πάθος

1942 4371 2257 4432 Francisei
2284 4373 2496 4433 Seorsr
2536 4377 2727 4431 notas.

767 4502 879 4571 (64)
936 4500 1055 4555 Non
1103 4504 1238 4557 enim
1284 4513 1395 4557 erat
1444 4503 1675 4557 Satanas
1729 4503 1779 4555 in
1833 4501 1983 4554 caelo.
2031 4500 2281 4574 Lucifero
2315 4518 2361 4574 ο
2389 4502 2682 4563 colebatur,
2711 4501 2805 4574 sed
2837 4516 2953 4552 cum
2984 4500 3296 4574 Unigenitus
3332 4498 3424 4551 Dei
3457 4500 3743 4574 descendit,
3773 4507 3986 4556 corruit

696 4584 984 4641 antequam
1024 4589 1119 4638 per
1155 4586 1434 4641 peccatum
1474 4575 1718 4637 caderet,
1753 4574 1919 4626 fuisse
1954 4573 2278 4637 permissam

695 4652 853 4695 terrze
909 4645 1206 4695 custodiam
1262 4659 1366 4696 non
1424 4646 1596 4696 solum
1656 4647 1742 4697 hic
1802 4643 2127 4703 Cerameus,
2180 4641 2276 4694 sed

694 4714 859 4764 etiam
896 4713 1260 4765 Damascenus
1290 4715 1562 4779 supponit,
1591 4715 1685 4765 lib.
1716 4730 1751 4765 ιι
1789 4712 1860 4763 De
1888 4711 2011 4779 ﬁde,
2043 4725 2163 4776 cap.
2192 4711 2225 4762 4
2261 4730 2273 4763 :

696 4783 795 4833 Ἐκ
837 4781 1046 4833 τούτων
1077 4783 1185 4834 τῶν
1218 4782 1529 4848 ἀγγελικῶν
1562 4783 1850 4851 δυνάμεων
1884 4780 2280 4851 πρωτοστάτης

695 4852 795 4918 τῆς
824 4851 1106 4918 περιγείου
1137 4851 1366 4916 τάξεως,
1397 4853 1494 4904 καὶ
1519 4852 1615 4919 τῆς
1644 4850 1747 4921 γῆς
1775 4851 1873 4919 τὴν
1906 4850 2155 4921 φυλακὴν
2188 4853 2285 4921 ὲγτ

697 4921 993 4993 χειρισθεξς
1025 4922 1173 4989 παρά
1191 4922 1325 4993 Θεοῦ
1347 4923 1406 4973 οὑ
1441 4918 1599 4989 φύσει
1617 4918 1852 4993 πονηρὸς
1882 4918 2141 4993 γεγονὼς,
2166 4918 2287 4972 ἀλλ’

700 4988 902 5057 ἆγαθὸς
935 4988 1032 5052 ῶν,
1062 4988 1167 5044 etc.
1198 5010 1213 5045 :
1252 4990 1335 5044 Ea:
1372 4994 1434 5045 iis
1456 4988 1719 5060 angelicis
1742 4988 2033 5043 virtutibus
2069 5006 2129 5042 ea
2164 5006 2282 5059 qua:

696 5072 917 5127 pt'arerat
954 5064 1192 5113 terrestri
1229 5062 1424 5123 ordini,
1456 5072 1504 5114 et
1534 5065 1616 5114 cui
1648 5080 1679 5113 a
1711 5061 1819 5113 Deo
1856 5070 2009 5113 terra:
2041 5063 2281 5113 custodia

698 5130 977 5183 conmissa
1009 5142 1145 5195 erat,
1177 5148 1278 5184 non
1311 5141 1504 5185 natura
1536 5132 1677 5185 mala
1714 5132 1856 5199 facta
1892 5143 1990 5191 est.
2021 5133 2109 5182 sed
2147 5130 2281 5183 bona

695 5201 974 5263 exsistens,
1007 5212 1110 5256 etc.
1147 5204 1332 5255 Ilelert
1362 5216 1483 5254 eum
1520 5218 1615 5270 pro
1647 5205 1748 5255 hac
1782 5202 2037 5268 opinione
2071 5200 2277 5254 Suarez

696 5280 909 5332 noster,
942 5272 1033 5323 lib.
1066 5288 1135 5324 vn
1166 5272 1239 5325 De
1287 5272 1511 5340 angelis,
1543 5287 1665 5339 cap.
1697 5272 1795 5325 l7.-
1821 5271 1899 5325 Ex
1946 5272 2046 5324 hac
2099 5271 2278 5338 itaque

693 5340 980 5407 Opinione,
1017 5354 1072 5392 ut
1105 5344 1214 5407 jam
1263 5342 1535 5407 dicebam,
1564 5342 1652 5395 hic
1699 5352 1883 5395 noster
1925 5342 2179 5393 Satanam
2224 5343 2278 5396 in

696 5410 835 5463 cmlo
867 5425 970 5462 non
1002 5408 1169 5464 fuisse
1212 5412 1359 5477 dicit,
1400 5414 1551 5479 quasi
1602 5412 1872 5467 distentus
1923 5411 1975 5463 in
2030 5418 2173 5463 terra
2209 5411 2276 5464 ad

692 5480 815 5546 ejus
852 5482 1177 5541 custodiam,
1212 5492 1265 5534 et
1310 5485 1550 5549 regimen
1591 5492 1771 5547 esset;
1818 5482 1991 5551 angeli
2037 5495 2162 5533 vero
2206 5484 2275 5534 ibi

697 5551 955 5621 dicuntur
977 5563 1096 5604 esse
1125 5563 1381 5620 tanquam
1412 5554 1462 5604 in
1495 5552 1637 5613 loco,
1665 5554 1753 5605 ubi
1786 5561 2103 5621 operantur,
2131 5552 2273 5618 quod

698 5618 1260 5690 Tlteulogictipiusius
1289 5624 1339 5673 in
1371 5638 1421 5690 p.
1456 5638 1471 5673 ι
1506 5622 1566 5674 1).
1596 5618 1834 5676 Tltomze.

771 5690 885 5755 (65)
932 5688 1000 5742 Et
1043 5693 1253 5759 quidem
1297 5688 1420 5745 ante
1462 5691 1757 5745 Saluatoris
1797 5690 2099 5746 adventum.
2134 5690 2277 5744 Idem

686 5758 933 5828 Cyrillns
968 5758 1106 5823 apud
1142 5760 1200 5813 ι).
1232 5761 1515 5822 Thomam.
1551 5766 1602 5815 in
1634 5762 1836 5815 Catena
1867 5780 1880 5815 :
1918 5763 2053 5814 Ante
2088 5760 2281 5814 Salva-

696 5830 829 5885 toris
866 5832 1143 5884 adventum
1180 5833 1452 5901 subegerat
1490 5834 1589 5886 sibi
1625 5832 1823 5897 orbem,
1858 5843 1905 5886 et
1940 5833 2002 5884 ab
2042 5834 2279 5885 omnibus

2390 4583 2645 4639 tanquam
2695 4570 2897 4639 fulgur,
2929 4571 3055 4639 quia
3101 4570 3445 4623 conculcatur
3488 4572 3552 4621 ab
3599 4574 3988 4628 adoratoribus

2392 4641 2609 4695 Christi.
2634 4640 2776 4693 Idem
2805 4640 3060 4707 Euthym.
3082 4650 3136 4693 et
3161 4641 3526 4693 communiter
3546 4654 3739 4695 omnes
3767 4641 3984 4708 Patres,

2392 4712 2482 4779 qui
2520 4711 2646 4763 illud
2673 4708 2831 4762 Joan.
2858 4723 2977 4775 cap.
3012 4724 3089 4763 xu
3124 4727 3137 4762 :
3174 4708 3333 4779 Nunc
3358 4709 3625 4775 judicium
3658 4722 3736 4763 est
3767 4715 3984 4779 mundi,

2393 4778 2531 4833 nunc
2564 4781 2802 4847 princeps
2836 4779 2994 4846 hujus
3038 4780 3222 4831 mundi
3259 4778 3501 4846 ejicietur
3535 4779 3712 4847 foras,
3747 4783 3814 4834 de
3860 4787 3984 4835 dia-

2394 4850 2518 4903 bolo
2550 4860 2855 4918 exponunt,
2885 4858 3158 4918 quatenus
3194 4860 3319 4901 attte
3355 4849 3554 4902 Christi
3588 4851 3891 4903 adventum
3925 4854 3983 4905 in

2393 4922 2496 4975 hoc
2526 4917 2727 4972 mundo
2758 4933 2855 4987 per
2884 4917 3243 4972 idololatriam
3278 4920 3560 4985 regnabat,
3589 4921 3672 4972 vel
3702 4932 3987 4987 quatenus

2393 4989 2607 5043 ratione
2653 4988 2859 5056 peccati
2903 4989 3207 5042 communis
3244 4987 3461 5056 generis
3504 4991 3751 5053 humani,
3786 4991 3838 5043 in
3888 5006 3987 5044 eos

2393 5069 2596 5113 tantam
2636 5058 2870 5114 habebat
2902 5069 3220 5125 potestatem
3241 5096 3257 5121 ,
3291 5069 3347 5111 ut
3380 5058 3504 5111 sine
3538 5059 3738 5113 virtute
3777 5062 3986 5114 (thriin

2392 5146 2495 5184 non
2526 5141 2747 5197 possent
2772 5130 2853 5184 eis
2876 5130 3127 5183 homines
3151 5130 3433 5183 resistere.
3457 5128 3549 5182 Sic
3574 5128 3739 5183 refert
3768 5129 3984 5184 Suarez

2392 5211 2581 5253 noster
2630 5201 2729 5253 hos
2774 5199 2993 5265 Patres,
3027 5198 3121 5255 lib.
3161 5215 3252 5253 vin
3313 5198 3387 5250 De
3439 5201 3678 5268 angelis,
3712 5216 3835 5269 cap.
3878 5202 3983 5266 2|;

2389 5270 2747 5340 eamdemque
2776 5270 3081 5324 doctrinam
3118 5270 3281 5322 tradit
3314 5269 3401 5321 hic
3428 5280 3613 5324 noster
3638 5280 3699 5323 ut
3729 5271 3888 5340 legis.

2462 5339 2573 5407 (66)
2610 5337 2891 5408 Philippus
2925 5340 3157 5408 viperam
3192 5340 3375 5398 illam.
3406 5350 3515 5393 etc.
3553 5341 3628 5395 De
3666 5342 3767 5395 hoc
3787 5337 3982 5394 'mira-

2390 5413 2512 5463 culo
2542 5412 2729 5463 scribit
2758 5410 2908 5479 Sym.
2939 5410 3205 5478 Metaphr.
3238 5411 3379 5476 apud
3415 5411 3631 5463 Surium
3667 5412 3720 5465 in
3758 5410 3881 5465 Vita
3919 5413 3979 5465 S.

2392 5481 2642 5547 Philippi,
2672 5496 2834 5549 quem
2868 5483 2986 5534 vide
3018 5482 3062 5533 si
3098 5482 3293 5548 placet.

2464 5551 2578 5620 (67)
2633 5550 2698 5603 Et
2749 5560 2931 5604 contra
2980 5566 3159 5603 eorum
3208 5555 3456 5605 cultores.
3499 5550 3622 5605 Haec
3671 5553 3868 5604 desunt
3926 5554 3977 5604 in

2390 5621 2513 5677 Vat.
2550 5622 2659 5674 Kal
2700 5622 2806 5673 τῶν
2849 5622 3093 5683 ἐκείνους
3116 5622 3513 5693 λατρευόνῖων,
3547 5625 3639 5675 καὶ
3670 5624 3986 5688 διωξάντων

2390 5694 2452 5744 τὸ
2493 5694 2791 5761 κήρυγμα,
2820 5707 2940 5759 quae
2974 5691 3314 5761 supplevtex
3349 5694 3513 5756 Gall.,
3547 5704 3602 5746 ut
3641 5696 3826 5746 itidem
3874 5694 3982 5747 alia

2393 5780 2559 5833 pauca
2594 5762 2919 5831 fragmenta,
2951 5779 3069 5831 qua:
3102 5762 3256 5817 retuli
3292 5779 3453 5833 supra
3486 5774 3597 5819 not.
3627 5764 3696 5817 60
3726 5775 3780 5819 et
3813 5764 3907 5817 65.
