4184 6440
217 396 316 457 881

1545 403 1876 469 HOMILIA
1923 408 2194 469 XLVIII.

3390 407 3495 471 882

219 507 430 568 αὐτοῖς,
456 508 817 580 προστίθησιν
847 517 874 567 ὁ
905 516 1095 586 Σωτήρ
1128 530 1140 543 ·
1178 535 1195 567 ι
1244 516 1391 579 Πλὴν
1436 516 1495 568 ὲν
1525 518 1695 586 τούτῳ
1732 518 1805 585 μὴ

1916 518 2077 572 nolite
2126 518 2398 589 gaudere;
2431 538 2447 570 ι
2491 517 2626 573 nihil
2684 517 2851 582 enim,
2915 515 3114 585 inquit,
3160 513 3260 568 hoc
3307 515 3371 568 ad
3405 531 3498 569 vos

222 597 468 665 χαίρετε.
503 616 522 649 ι
556 598 723 654 Οὐδὲν
751 603 858 670 γὰρ
886 606 1067 672 τοῦτο,
1092 608 1249 678 φησὶ,
1271 607 1406 676 πρὸς
1440 609 1584 678 ὑμᾶς
1609 627 1622 642 ·
1657 613 1689 679 ἡ
1713 612 1811 677 μὲν

225 688 339 755 γὰρ
392 686 553 757 χάρις
588 690 750 744 ἄλλου
806 696 1019 763 πέφυκε
1052 697 1148 748 τοῦ
1196 698 1400 765 ταύτην
1435 701 1812 769 παρασχόντος

227 778 383 844 ὑμῖν.
431 780 618 834 Ἀλλοι
652 784 705 836 δὲ
732 786 825 839 καὶ
854 788 904 838 οἱ
938 788 1399 860 εὐεργετούμενοι
1434 792 1483 843 οἱ
1511 790 1608 853 τὰς
1640 792 1812 853 ἰάσεις

222 866 533 937 δεχόμενοι.
589 872 752 942 ’Υμῖν
798 875 855 928 δὲ
914 877 1074 931 τοῦτό
1125 880 1273 932 ἐστιν
1334 880 1665 952 εὐφροσύνη,
1720 885 1813 936 καὶ

223 960 551 1026 ἀγαλλίασις
586 965 648 1018 τὺ
683 984 701 1015 ι
744 966 827 1019 Τὰ
866 968 1113 1037 ὀνόματα
1166 970 1322 1039 ὑμῶν
1371 972 1688 1041 γεγράφθαι
1752 974 1812 1026 ὲν

219 1054 502 1121 οὐρανοῖς,
539 1076 556 1108 ι
601 1058 664 1110 οὐ
696 1058 909 1127 μέλανι,
937 1061 1075 1115 ἀλλὰ
1106 1065 1295 1133 μνήμῃ
1332 1062 1493 1117 Θεοῦ.

300 1146 415 1216 Τὴν
449 1148 507 1201 δὲ
534 1150 670 1219 πρὸς
696 1153 797 1221 τὴν
827 1154 941 1207 ἀνω
976 1156 1341 1226 Ἰερουσαλὴμ
1366 1158 1475 1211 τῶν
1498 1158 1814 1212 ἀποστόλων

219 1236 557 1311 ἀπογραφὴν
573 1241 642 1311 ῆν
662 1244 901 1297 ἐνταῦθα
926 1248 958 1317 ἡ
981 1246 1076 1299 τοῦ
1104 1246 1442 1316 Εὑαγγελίου
1465 1249 1613 1317 λέγει
1640 1251 1813 1321 φωνὴ,

220 1332 322 1381 καὶ
370 1334 399 1385 ὁ
456 1335 747 1405 Προφήτης
789 1337 1123 1394 θεσπιωδετ·
1183 1360 1203 1393 ι
1242 1343 1458 1406 Ἔσται,
1510 1344 1703 1413 λέγων,
1755 1345 1814 1398 τδ

231 1422 565 1491 ὑπολειφθὲν
602 1427 660 1478 ὲν
688 1428 825 1480 Σιὼν
854 1431 945 1481 καὶ
976 1431 1338 1499 καταλειφθὲν
1356 1435 1411 1485 ὲν
1434 1434 1813 1503 Ἰερουσαλὴμ,

221 1510 373 1578 ἅγιοι
427 1515 793 1586 κληθήσονται
826 1522 1027 1583 πάντες
1057 1525 1107 1575 oi
1138 1526 1441 1594 γραφέντες
1476 1529 1555 1589 εἰς
1593 1527 1766 1595 ζωήν.
1791 1546 1809 1579 ι

222 1604 386 1674 Τάχα
424 1624 525 1658 που
556 1608 651 1661 καὶ
678 1609 844 1662 Δαϐὶδ
886 1612 1013 1681 περὶ
1043 1614 1248 1667 τούτων
1292 1616 1490 1683 φησίν·
1527 1637 1546 1670 ι
1597 1619 1655 1671 Ὀ
1690 1621 1814 1688 ἀρι-

220 1695 387 1762 θμῶν
437 1698 619 1771 πλήθη
673 1704 915 1773 ἄστρων,
970 1708 1065 1759 καὶ
1118 1709 1288 1761 πᾶσιν
1338 1711 1523 1774 αὐτοῖς
1572 1712 1815 1783 ὀνόματα

221 1788 433 1844 καλῶν.

374 1884 461 1935 Ἑν
494 1884 633 1957 αὐτῇ
664 1890 729 1957 τῇ
774 1888 895 1961 ῶρᾳ
953 1891 1328 1960 ἠγαλλιάσατο
1358 1894 1435 1967 τῷ
1482 1897 1758 1965 πνεύματι
1785 1902 1812 1953 ὁ

254 1975 473 2044 Ιησοῦς,
526 1982 623 2031 καὶ
673 1978 871 2037 εἶπεν·
920 1986 1393 2059 Ἐξομολογοῦμαί
1437 2006 1543 2055 σοι,
1607 1992 1811 2063 Πάτερ,

224 2066 403 2137 Κύριε
444 2070 539 2123 τοῦ
592 2074 827 2145 οὐρανοῦ
901 2079 999 2132 καὶ
1040 2079 1143 2149 τῆς
1182 2081 1305 2150 γῆς.
1339 2100 1357 2133 ι
1414 2083 1812 2151 Ἡγαλλιάσατο

220 2162 315 2216 ἐπὶ
348 2167 473 2227 ταῖς
501 2166 784 2238 δυνάμεσι,
819 2173 917 2226 καὶ
943 2173 1031 2228 ἵνα
1054 2174 1129 2245 μὴ
1157 2176 1281 2247 δόξῃ
1307 2177 1580 2243 ἀντίθεος,
1612 2181 1813 2248 προσά-

216 2272 311 2321 γει.
346 2256 427 2325 τῷ
473 2259 650 2331 Πατρὶ
682 2261 757 2324 ὡς
785 2264 1058 2337 ὁμοουσίῳ
1105 2270 1205 2339 τὴν
1244 2270 1655 2341 ἐξομολόγησιν,
1686 2290 1802 2325 του-

217 2349 375 2402 τέστι
413 2353 513 2421 τὴν
545 2354 922 2426 εὐχαριστίαν.
955 2360 1149 2414 Διττοῦ
1175 2362 1283 2430 γὰρ
1307 2363 1460 2428 ὄντος
1494 2366 1587 2418 τοῦ
1616 2385 1811 2437 σημαι-

218 2442 455 2511 νομένου
490 2445 581 2498 διὰ
606 2448 704 2516 τῆς
729 2450 1147 2521 ὲξαγορεύσεως
1173 2454 1415 2508 ἐνταῦθα
1452 2456 1514 2509 τὸ
1544 2457 1813 2528 πρότερον

218 2539 497 2606 προσήκει
533 2544 696 2603 νοεῖν,
734 2542 811 2604 ὼς
841 2543 1116 2613 πολλαχοῦ
1155 2546 1265 2600 τῶν
1288 2548 1598 2619 Ψαλμῶνή
1632 2550 1813 2619 βίϐλος

220 2628 393 2696 φησιν
416 2646 429 2658 '
468 2650 487 2682 ι
524 2633 1067 2706 Ἐξομολογησὸμεθά
1084 2656 1188 2703 σοι,
1220 2640 1247 2691 ὁ
1269 2640 1473 2705 Θεὸς,ἰ
1507 2646 1811 2709 τουτέστιν,

223 2716 737 2795 ὶὺχαριστήσομεν.
772 2729 944 2795 Φησὶν
984 2725 1098 2793 οὖν,
1131 2731 1205 2794 ὡς
1244 2732 1421 2802 Χάριν
1472 2735 1719 2805 ὁμολογῶ
1746 2740 1811 2809 τῇ

221 2813 451 2883 εὐδοκία
510 2834 630 2881 σου,
671 2820 876 2890 Πάτερ,
908 2821 987 2873 ὅτι
1013 2822 1343 2891 ἀπέκρυψας
1381 2825 1558 2881 ταῦτα
1582 2828 1691 2880 ἀπὸ
1724 2847 1813 2883 σο-

224 2905 367 2971 φῶν,
406 2908 502 2960 καὶ
538 2910 799 2975 συνετῶν,
848 2913 942 2965 καὶ
982 2914 1343 2983 ἀπεκάλυψας
1391 2918 1533 2970 αὐτὰ
1568 2921 1807 2989 νηπίοις.

227 3000 298 3052 Ἀ
328 3000 442 3069 γὰρ
462 3002 561 3055 οὐκ
579 3002 826 3071 ἔγνωσαν
850 3007 900 3059 οἱ
926 3005 1212 3070 δοκοῦντες
1245 3010 1399 3075 σοφοὶ
1431 3011 1814 3081 Γραμματεῖς,

226 3095 325 3146 καὶ
376 3095 691 3163 Φαρισαῖοι,
722 3099 769 3150 οἱ
823 3104 958 3169 παρ’
1012 3101 1223 3164 ἑαυτοῖς
1282 3102 1495 3155 συνετοί
1541 3103 1817 3173 μύσαντες

1916 610 2131 665 attinet.
2168 608 2357 664 Gratia
2407 609 2677 679 siquidem
2731 609 2846 663 lucc
2892 607 2945 661 in
3008 605 3121 660 alio
3175 605 3498 658 naturaliter

1917 701 2077 761 inest,
2113 701 2164 755 in
2196 714 2260 756 eo
2284 701 2515 766 scilicet,
2552 715 2643 768 qut
2707 698 2911 769 praebet
2974 697 3113 751 hanc
3172 695 3326 749 vobis
3364 694 3499 747 :aiii

1915 802 2045 849 sunt
2069 794 2253 859 etiam,
2280 795 2368 863 qui
2394 795 2657 850 beneﬁcio
2684 792 2865 848 allecti
2894 798 3040 854 sunt,
3064 803 3185 843 cum
3212 800 3495 843 curantur.

1916 883 2084 940 Vobis
2116 900 2243 939 vero
2274 887 2375 942 hoc
2426 887 2517 953 sit,
2563 885 2708 955 quod
2751 883 3030 953 gaudeatis
3091 888 3144 936 et
3188 880 3498 941 exsultetis.

1916 979 2213 1044 nimirum,
2258 998 2277 1032 ι
2329 984 2475 1051 quod
2524 980 2743 1036 nomina
2795 986 2979 1035 vestra
3026 976 3227 1046 scripta
3256 984 3384 1029 sunt
3440 976 3494 1029 in

1916 1070 2093 1136 caelis,
2131 1090 2151 1123 ι
2188 1085 2293 1125 non
2338 1078 2664 1136 atramento,
2694 1070 2789 1126 sed
2825 1071 2877 1124 in
2908 1070 3169 1125 memoria
3206 1066 3319 1120 Dei.

1988 1162 2159 1218 Porro
2185 1164 2326 1218 hanc
2360 1165 2731 1234 apostolorum
2772 1163 2825 1217 in
2865 1162 3070 1217 caelesti
3124 1160 3501 1228 Hierosolyma

1917 1259 2361 1329 descriptionem,
2392 1275 2553 1331 quam
2595 1257 2945 1328 evangelicus
2992 1270 3171 1309 sermo
3207 1254 3498 1323 signiticat,

1918 1355 2180 1424 propheta
2216 1354 2377 1408 etiam
2422 1351 2682 1404 divinitus
2718 1349 2961 1405 cecinit:
2997 1364 3016 1396 ι
3057 1346 3119 1399 Et
3151 1346 3275 1406 erit,
3305 1346 3500 1413 inquit,

1918 1448 2059 1515 quod
2086 1448 2347 1515 reliquum
2388 1444 2550 1515 335
2584 1442 2746 1496 luerit
2777 1443 2828 1495 in
2865 1441 2995 1494 Sion
3029 1448 3081 1493 et
3110 1438 3252 1507 quod
3288 1451 3503 1490 reman-

1918 1540 2049 1593 serit
2088 1542 2141 1591 in
2167 1538 2490 1602 Jerusalem,
2517 1537 2690 1591 sancti
2723 1536 3060 1589 vocabuntur
3083 1546 3275 1584 omnes
3314 1528 3501 1594 scripti

1918 1631 1983 1684 ad
2015 1632 2177 1685 vitam
2196 1632 2261 1684 ".
2295 1650 2312 1680 ι
2346 1629 2618 1684 Fortassis
2657 1628 2820 1684 etiam
2852 1637 2903 1679 et
2942 1624 3106 1678 David
3134 1624 3198 1677 de
3228 1625 3313 1678 his
3338 1623 3495 1677 dicit:

1923 1742 1941 1773 ι
1990 1722 2089 1788 Qui
2122 1731 2371 1776 numerat
2401 1721 2797 1775 multitudinem
2831 1717 3138 1783 stellarum,
3164 1726 3217 1771 et
3248 1715 3503 1770 onmibus
3535 1783 3538 1786 ἢ

1918 1816 1998 1869 eis
2024 1816 2239 1868 nomina
2265 1823 2421 1868 vocat
2444 1814 2507 1867 ³⁷.
2543 1832 2561 1864 ι

1993 1928 2011 1961 ι
2044 1908 2102 1964 1η
2126 1909 2314 1963 eadem
2344 1909 2474 1961 hora
2503 1905 2795 1960 exsultavit
2818 1903 2973 1960 Jesus
2998 1904 3218 1974 spiritu,
3243 1911 3294 1957 et
3321 1903 3449 1955 dixit
3486 1918 3499 1955 :

1916 2003 2193 2057 Confiteor
2225 2000 2344 2066 tibi,
2365 2000 2549 2060 Pater,
2576 1998 2822 2059 Domine,
2845 1998 2967 2051 caeli
2992 2011 3045 2050 et
3070 2010 3247 2051 terrae.
3266 2017 3281 2047 ι
3311 1996 3503 2049 Exsul-

1919 2093 2047 2145 tavit
2072 2100 2294 2161 propter
2320 2090 2547 2143 virtutes
2577 2087 2688 2159 (68)
2710 2105 2724 2153 ;
2745 2096 2798 2142 et
2827 2101 2892 2142 ne
2921 2085 3191 2140 adversari
3224 2085 3330 2139 Deo
3384 2082 3498 2147 (69)

1918 2180 2213 2245 videretur,
2249 2178 2408 2235 oll'ert
2455 2178 2623 2243 Patri,
2653 2186 2839 2248 utpote
2861 2174 3338 2238 consubstantiali,
3371 2190 3501 2228 con-

1918 2274 2235 2340 fessionem,
2270 2274 2371 2327 hoc
2401 2283 2483 2326 est
2516 2272 2813 2342 gratiarum
2852 2272 3144 2325 actionem.
3187 2266 3320 2322 Cum
3354 2268 3501 2322 enim

1917 2367 2021 2421 dno
2066 2380 2161 2436 per
2193 2366 2332 2421 bane
2382 2380 2567 2419 vocem
2627 2362 2988 2419 confessionis
3022 2360 3319 2431 signiﬁcata
3369 2361 3501 2425 sint,

1916 2468 1967 2513 et
1998 2459 2294 2527 gratiarum
2351 2457 2493 2511 actio
2548 2466 2601 2511 et
2641 2459 2751 2525 ipsa
2801 2454 3096 2519 confessio,
3134 2454 3221 2507 hic
3268 2453 3502 2523 primum

1916 2565 2013 2620 par
2037 2560 2121 2607 est
2144 2565 2363 2607 sensum
2398 2550 2668 2618 accipere,
2699 2563 2858 2616 quem
2894 2549 3079 2601 multis
3109 2547 3240 2600 locis
3272 2560 3502 2600 consue-

1916 2647 1992 2698 vit
2051 2644 2387 2699 Psalmorum
2426 2643 2599 2697 liber:
2642 2661 2659 2693 ι
2691 2640 3040 2696 Conﬁtetnini
3083 2638 3335 2702 Domino,
3374 2658 3390 2689 ι
3425 2649 3501 2701 et,

1924 2735 2341 2791 «Contitebimnr
2365 2734 2482 2798 tibi,
2504 2735 2640 2788 Deus
2660 2734 2758 2799 '9,»
2778 2734 2876 2788 hoc
2894 2743 2997 2794 est,
3016 2731 3232 2786 Gratias
3260 2744 3502 2801 agemus.

1920 2828 2009 2881 Ait
2038 2828 2201 2897 igitur
2225 2826 2490 2882 :‘Gratias
2522 2842 2621 2896 ago
2662 2826 2999 2894 beneplacito
3029 2838 3140 2883 tuo.
3164 2824 3342 2885 Pater,
3379 2824 3505 2892 quia

1918 2921 2249 2977 abscondisti
2311 2923 2423 2976 haec
2480 2936 2506 2971 a
2552 2919 2886 2986 sapientibus
2929 2928 2979 2972 et
3025 2917 3401 2987 prudentibus,
3451 2923 3504 2968 et

1920 3012 2177 3067 revelasti
2207 3027 2267 3066 ea
2301 3012 2563 3081 parvulis.
2599 3012 2728 3078 Quae
2756 3012 2900 3065 enim
2954 3010 3181 3073 Scribae,
3223 3012 3315 3077 qui
3353 3007 3504 3061 vide-

1924 3104 2127 3157 bantur
2159 3104 2431 3173 sapientes
2460 3120 2603 3166 cssm
2635 3114 2687 3156 et
2722 3102 2979 3157 Pharismi
3012 3102 3151 3169 apud
3182 3098 3504 3165 semetipsos

228 3186 411 3240 ἑκοντὶ
435 3189 505 3241 τὰ
533 3191 632 3259 τῆς
654 3190 834 3261 ψυχῆς
860 3193 1217 3261 αἰσθητήρια,
1244 3194 1417 3247 ταῦτα
1444 3195 1704 3261 ἰδιώταις,
1723 3201 1813 3252 καὶ

1925 3196 2285 3266 intelligentes
2333 3210 2455 3250 cum
2493 3195 2802 3248 voluntarie
2859 3192 3261 3247 obstruxissent
3310 3190 3502 3241 animae

226 3278 457 3345 ἀσόφοις
486 3281 980 3351 ἀπεκαλύφθησαν.
1014 3286 1269 3338 Κάκεῖνςι
1306 3287 1404 3353 μὲν
1427 3286 1514 3341 διὰ
1538 3288 1634 3357 τὴν
1662 3288 1815 3342 ἐνοῦ-

228 3387 329 3423 σαν
374 3374 564 3439 σφίσιν
601 3374 984 3444 ὑπερηφανίαν
1024 3377 1235 3441 ἀνάξιοι
1282 3381 1380 3446 τῆς
1432 3380 1656 3449 χάριτος
1697 3382 1822 3449 ἐγε-

226 3464 484 3529 γόνεισαν
511 3482 525 3496 ⁸
554 3458 701 3520 οὗτοι
728 3468 782 3522 δὲ
814 3469 902 3522 διὰ
929 3469 988 3521 τὸ
1007 3470 1313 3540 κτήσασθαι
1341 3472 1439 3540 τὴν
1470 3472 1579 3523 τῶν
1610 3473 1821 3542 νηπίων

227 3558 623 3627 ἁκεραιοτητα,
657 3559 754 3628 τῆς
781 3561 1030 3626 εὐδοκίας
1064 3563 1409 3632 ἀπήλαυσαν.
1446 3563 1673 3617 Εὒδοκία
1712 3566 1820 3634 γάρ

227 3650 376 3699 ἐστιν
424 3651 455 3716 ἡ
502 3651 787 3718 οἰκονομία
838 3652 933 3705 καὶ
998 3652 1254 3721 θέλησις·
1298 3673 1315 3705 ι
1371 3653 1492 3705 Ἐπὶ
1542 3654 1662 3707 τίνα
1712 3655 1820 3721 γὰρ

226 3740 529 3810 ἐπιϐλέψαι,
574 3741 660 3796 διὰ
706 3743 801 3797 τοῦ
849 3745 1129 3815 προφήτου
1181 3746 1346 3816 φησιν
1378 3747 1404 3798 ὁ
1434 3746 1587 3811 Θεὸς,
1633 3746 1749 3800 ἀλλ’
1783 3747 1817 3816 ἢ

295 3906 463 3961 ’⁵18α.
500 3921 577 3970 tv,
605 3906 658 3960 5.
736 3908 777 3937 "
812 3905 1159 3967 Psal.c\m,
1200 3906 1252 3959 ι.

1921 3302 2133 3352 sensus,
2162 3303 2266 3341 non
2301 3296 2695 3357 cognoverunt,
2731 3288 2845 3341 lucc
2903 3285 3081 3339 idiotis
3117 3294 3168 3336 ct
3196 3280 3500 3348 insipienti-

1920 3378 2021 3433 bus
2076 3378 2310 3432 revelata
2358 3388 2503 3433 sunt.
2547 3377 2610 3430 Et
2661 3378 2734 3431 illi
2795 3376 3011 3447 quidem
3073 3375 3141 3428 ob
3193 3371 3498 3440 superbiam

1921 3484 2041 3537 qnze
2092 3470 2226 3537 ipsis
2267 3471 2477 3535 inerat,
2528 3472 2752 3539 hujusce
2792 3470 2980 3541 gratiae
3011 3469 3211 3537 indigni
3258 3465 3494 3526 lucrum;

1922 3559 1974 3612 lti
2028 3574 2154 3612 vero
2206 3562 2347 3627 quod
2397 3561 2741 3629 parvulorum
2803 3558 3206 3627 simplicitatem
3265 3548 3495 3606 assecuti

1921 3651 2158 3716 fuerant,
2190 3652 2355 3706 divini
2389 3652 2707 3722 benaplaciti
2757 3660 3033 3720 compotes
3086 3648 3235 3701 iacti.
3266 3641 3497 3698 Εὲδοκία

1919 3746 2061 3799 enim
2106 3745 2508 3815 dispositionem
2551 3748 2985 3814 voluntatemque
3027 3742 3288 3809 signiﬁcat
3335 3736 3489 3805 (70):

1332 3907 1375 3937 ’⁸
1408 3906 1543 3960 Psd.
1580 3924 1745 3972 cun,
1781 3909 1848 3973 l;
1890 3922 2021 3972 cvn,
2063 3909 2133 3974 1;
2168 3924 2274 3972 CIV,
2310 3910 2331 3962 ‘l
2376 3923 2557 3969 cxxxv,
2599 3906 2643 3958 l.

1475 4042 1792 4104 Francisci
1833 4043 2040 4104 Seorsi
2072 4051 2259 4105 notae.

298 4173 408 4241 (68)
448 4172 747 4225 Exsultmtit
781 4184 993 4240 propter
1024 4172 1261 4225 virtutes.
1289 4170 1443 4235 Quod
1480 4172 1565 4225 hic
1598 4172 1808 4225 duobus

226 4247 408 4296 Verbis
443 4243 617 4295 innuit
648 4241 1031 4308 Theophanes,
1057 4242 1313 4309 plusculis
1338 4243 1610 4309 expressit
1633 4241 1808 4295 Theo-

226 4314 545 4383 phylaclns,
590 4328 710 4379 quae
760 4328 978 4365 sensum
1033 4313 1203 4383 nostri
1258 4311 1535 4383 declarant
1588 4330 1601 4365 :
1662 4311 1810 4365 Sient

230 4381 391 4438 Pater
423 4384 591 4436 bonus
627 4400 743 4434 cum
778 4383 963 4435 viderit
998 4382 1136 4448 ﬁlios
1181 4392 1324 4435 recta
1366 4381 1610 4449 qua’dam
1654 4399 1809 4449 opera

231 4456 470 4519 qessisse,
504 4454 581 4505 ita
613 4451 863 4506 Soli-ator
891 4452 1145 4514 exsultat,
1174 4454 1299 4518 quia
1331 4452 1463 4504 talia
1496 4453 1631 4505 bona
1665 4470 1811 4504 asse-

226 4526 334 4577 cuti
372 4533 524 4577 erant
570 4526 812 4584 apostoli.
852 4522 963 4576 Iloc
1003 4532 1087 4577 est
1127 4522 1271 4590 quod
1318 4523 1394 4575 ait
1438 4534 1626 4577 noster
1668 4523 1811 4576 Iaco-

228 4599 343 4646 nire
379 4612 394 4648 :
427 4592 531 4645 Διὰ
553 4593 665 4645 τῶν
689 4593 994 4660 δυνάμεων.

296 4665 410 4732 (69)
469 4662 537 4714 Et
590 4680 653 4715 ne
702 4664 967 4716 videretur
1016 4662 1289 4717 adversari
1345 4661 1469 4715 Deo.
1518 4661 1633 4715 Vox
1661 4663 1811 4715 div-cl-

226 4732 340 4795 δεος
381 4737 485 4787 hoc
539 4733 656 4784 loco
690 4734 759 4787 ab
790 4744 1013 4786 auctore
1051 4734 1258 4800 posita,
1290 4742 1343 4785 et
1378 4733 1651 4785 nonnullis
1689 4734 1812 4787 aliis

232 4808 431 4856 usitata
473 4804 728 4872 ambigua
771 4812 856 4856 est
886 4804 1044 4856 etiam
1089 4802 1231 4870 apud
1273 4804 1526 4870 antiquos
1566 4803 1812 4869 Scripto-

231 4888 342 4939 res;
389 4888 519 4926 nam
570 4871 640 4925 et
666 4889 762 4940 par
806 4874 914 4926 Deo
954 4883 1009 4926 et
1054 4872 1365 4925 contrarius
1411 4871 1516 4925 Deo
1555 4888 1651 4938 per
1692 4888 1810 4926 eam

226 4960 375 5011 atque
394 4943 692 5010 signiﬁcari
725 4952 919 5009 potest.
951 4943 1129 5011 Etynt.
1162 4940 1339 5005 Magn.
1371 4942 1420 4995 in
1442 4941 1611 5009 Pratp.
1640 4942 1811 5008 ‘Avri,

228 5030 303 5063 s'e
326 5017 441 5065 ait:
473 5012 695 5068 Τίθεται
737 5012 829 5065 καὶ
867 5013 988 5064 ἀντὶ
1008 5013 1101 5064 τοῦ
1143 5012 1401 5074 ίσως,ὠς
1438 5011 1732 5075 Ἀντίϐεος
1747 5013 1815 5065 δὲ

229 5083 592 5148 Ὀδυσσεὺς,
626 5082 937 5136 τοῦτ’ἐστιν
955 5082 1327 5148 ίσόθεος,’καὶ
1356 5082 1415 5134 τὸ
1442 5082 1703 5145 ἐναντίον,
1738 5084 1814 5146 ὼς

230 5152 509 5208 ἀντίθεον
545 5154 848 5208 Κύκλωπα
884 5153 976 5206 τὸν
1034 5152 1392 5221 ἀντιούμενον
1450 5155 1565 5214 τοῖς
1626 5153 1811 5215 θεοῖς·

239 5222 461 5277 Ponitur
497 5234 549 5277 et
583 5240 678 5289 pro
714 5223 846 5281 ίσως
881 5224 1177 5293 wqualiter,
1206 5232 1261 5276 ut
1295 5222 1543 5286 ἀντίθεος
1576 5222 1812 5293 Ulysses,

230 5293 321 5346 ltoc
356 5308 457 5358 est,
490 5293 599 5347 Deo
636 5310 767 5362 par,
790 5295 865 5347 uel
900 5295 1124 5358 similis;
1160 5306 1210 5345 et
1238 5306 1446 5358 contra,
1482 5305 1540 5346 ut
1569 5295 1816 5348 ἀντίθεον

232 5363 531 5433 Cyrlopem,
562 5364 660 5417 hoc
696 5376 770 5418 est
808 5365 1171 5418 adversantem
1213 5363 1339 5435 Deo.
1378 5363 1470 5418 Sic
1508 5364 1686 5435 Etym.
1721 5366 1816 5419 At-

232 5450 331 5500 que
365 5438 418 5487 in
454 5435 742 5503 posteriori
774 5448 936 5487 sensu
966 5436 1132 5489 etiam
1163 5437 1228 5487 ab
1262 5434 1493 5487 Homero
1526 5434 1655 5488 dicti
1689 5443 1816 5490 sunt

232 5506 473 5558 ἀντίθεοι
524 5506 875 5575 μνηστῆρες,
922 5505 1069 5573 proci
1123 5504 1610 5575 Deohadversarit‘;
1660 5517 1713 5560 et
1760 5506 1813 5559 in

233 5577 410 5639 priore
460 5573 532 5628 ab
582 5573 772 5628 eodem
836 5574 1070 5629 Ilomero
1127 5573 1376 5645 ἀντίθεον
1429 5575 1660 5645 ἄλοχον,
1713 5577 1816 5630 diis

234 5647 667 5712 a’quiparattdam
696 5662 931 5711 uxorem.
958 5645 1086 5699 Inde
1113 5646 1274 5699 etiam
1307 5642 1462 5699 lluxit
1488 5642 1816 5716 signiﬁcatio

233 5716 322 5768 τοῦ
365 5717 803 5786 ἀντίχειρνειριιιι
855 5715 1103 5780 ϐιαιως,
1136 5717 1278 5785 quod
1328 5731 1523 5769 nomen
1552 5715 1815 5782 pollicem

237 5801 422 5859 manus
470 5785 774 5851 signiﬁcat;
821 5797 903 5841 est
947 5788 1105 5859 enim
1138 5786 1258 5859 ἀντ)
1296 5786 1391 5859 τοῦ
1440 5787 1619 5859 χειρὸς
1662 5788 1816 5859 quasi

237 5858 399 5911 altera
449 5875 678 5926 atauus,
714 5859 853 5927 quod
898 5858 1196 5929 mqnalibus
1237 5856 1482 5927 juribus,
1528 5856 1590 5913 ac
1632 5858 1815 5915 cancri

1911 4186 2101 4225 omnes
2131 4172 2281 4240 digiti
2316 4171 2531 4239 polleat,
2567 4174 2705 4225 unde
2741 4179 2789 4224 et
2825 4172 2995 4233 pollex
3034 4187 3222 4223 nomen
3272 4168 3498 4224 Latinis.

1912 4243 2075 4295 Nolat
2130 4245 2270 4297 hanc
2319 4242 2588 4308 duplicem
2642 4246 2749 4295 vim
2804 4241 2993 4293 Petrus
3043 4244 3206 4295 etiam
3261 4240 3393 4293 Vict.
3443 4242 3498 4294 iu

1914 4312 2077 4367 libet.
2111 4314 2281 4367 Arist.
2319 4329 2434 4377 cap.
2479 4314 2541 4373 2,
2583 4314 2677 4366 sed
2730 4313 2867 4374 apud
2918 4312 3017 4366 SS.
3053 4313 3238 4367 Patres
3284 4312 3501 4365 (ἔκρουε

1914 4383 2025 4435 fere
2081 4400 2295 4449 semper
2344 4383 2591 4443 ἀντίθεος
2645 4384 2916 4446 signiﬁcat
2969 4384 3338 4437 adversarium
3372 4379 3498 4435 Deo.

1914 4453 2076 4522 Grcg.
2121 4455 2376 4506 Naziauz.
2414 4464 2553 4505 orat.
2596 4454 2659 4506 (te
2705 4451 2905 4521 Spiritu
2955 4465 3137 4506 suurto
3196 4471 3211 4506 :
3250 4455 3501 4519 Ἐπρεττε

1915 4525 2024 4589 γὰρ
2065 4524 2182 4576 υἱοῦ
2227 4524 2594 4591 σωματικῶς,
2629 4533 2734 4575 etc.
2776 4523 3141 4589 Πεμπόμενον
3187 4525 3243 4576 δὲ
3281 4523 3357 4584 ὡς
3402 4522 3503 4575 οὐκ

1847 4573 1885 4625 υ
1918 4573 2184 4648 ἀντίθεον.
2216 4594 2281 4648 Et
2310 4573 2559 4662 ianquani
2583 4573 2695 4646 ⁷Οεο
2723 4573 3051 4661 nequaquam
3087 4573 3354 4661 oppositus
3382 4594 3505 4643 mit-

1917 4673 2133 4718 teretur.
2173 4665 2245 4717 lla
2295 4663 2502 4722 Billins,
2539 4674 2592 4716 et
2646 4674 2785 4716 orat.
2824 4665 2891 4717 56
2945 4683 2957 4717 :
2989 4666 3305 4732 Ἐρωτήσω,
3343 4661 3499 4731 φησὶ,

1914 4734 2006 4783 τὴν
2049 4734 2302 4801 Πατέρα,
2335 4733 2619 4803 καὶᾶλλον
2656 4733 3013 4803 Παράκλητον
3046 4733 3254 4803 πέμψει
3287 4733 3504 4803 ὑμῖνητὺ

1918 4804 2143 4869 Πνεῦμα
2185 4800 2284 4871 τῆς
2326 4801 2608 4870 ἀληθείας.
2638 4800 2844 4871 ἵναμὴ
2885 4800 3135 4865 ἀντίθεος
3178 4800 3501 4873 εἶναιδόξῃ.

1919 4874 2109 4943 ltillius
2146 4876 2216 4927 ita
2265 4892 2277 4927 :
2324 4873 2454 4938 Quae
2492 4875 2701 4943 quidem
2738 4876 2894 4927 verba
2930 4890 2989 4927 eo
3023 4876 3159 4927 dixit
3196 4874 3499 4940 (nimirum,

1918 4942 2131 5013 Rogabo
2181 4944 2392 4996 Patrem
2449 4942 2509 4996 et
2539 4943 2705 4997 alium
2756 4944 3095 4996 I’aracletum
3144 4946 3312 4996 mittet
3360 4943 3502 4994 vobis

1920 5013 2181 5078 Spiritum
2223 5013 2481 5074 raritatis,
2515 5029 2638 5079 quae
2684 5016 3031 5075 anteet-dunt)
3070 5030 3131 5065 ne
3169 5013 3504 5065 adversarius

1918 5086 2174 5152 quispiam
2212 5082 2302 5135 Dei
2338 5100 2468 5143 esse,
2498 5098 2542 5135 et
2573 5084 2727 5148 quasi
2758 5083 2821 5134 ab
2851 5084 2962 5136 alia
2986 5086 3217 5150 quartam
3248 5091 3505 5149 potestate

1918 5171 2213 5224 sermonem
2281 5154 2452 5218 [acere
2514 5155 2795 5206 videretur.
2854 5154 3153 5224 'I‘heopltyl.
3222 5155 3275 5204 in
3339 5152 3502 5224 Joun.

1919 5239 2037 5292 cap.
2074 5242 2128 5277 ιιι
2164 5243 2175 5276 :
2206 5223 2322 5275 Ἵνα
2356 5224 2537 5275 τοίνυν
2572 5226 2621 5274 οἱ
2657 5225 3022 5291 περιεστῶτες
3060 5222 3395 5292 πιστεύωσιν
3422 5222 3506 5274 ὅτι

1918 5291 2127 5347 ἄνωθέν
2159 5296 2331 5355 ἐστιν,
2360 5295 2453 5345 καὶ
2481 5294 2579 5346 οὐκ
2608 5294 2878 5355 ἀντίθεος,
2897 5294 3092 5347 τούτου
3120 5296 3311 5347 ἕνεκεν
3342 5291 3501 5361 εὔχε-

1917 5382 2039 5416 ται·
2072 5364 2333 5417 Precatttr
2361 5365 2536 5432 itaque
2563 5376 2614 5415 ut
2645 5365 3047 5417 circumstantes
3075 5366 3289 5417 credant
3318 5364 3455 5431 quod
3478 5380 3506 5416 ε

1920 5438 2156 5503 supernis
2192 5436 2291 5497 sit,
2324 5445 2372 5487 et
2406 5452 2509 5487 non
2540 5435 2836 5488 contrarius
2869 5434 3008 5501 Deo;
3041 5445 3096 5488 et
3126 5434 3312 5487 itidem
3346 5433 3506 5500 paulo

1919 5521 2079 5571 supra
2112 5508 2299 5558 eadem
2329 5520 2457 5558 voce
2492 5519 2618 5558 usus
2652 5507 2704 5556 in
2732 5506 2976 5557 eamdem
3015 5519 3125 5557 rem
3158 5522 3173 5559 :
3203 5512 3365 5569 atque
3392 5504 3507 5557 lucc

1920 5578 2136 5644 quidem
2182 5576 2465 5629 observavi
2516 5577 2566 5628 in
2612 5575 2815 5628 Graecis
2856 5574 3109 5628 Patribns
3154 5596 3169 5630 .-
3217 5574 3319 5626 alia
3365 5573 3506 5625 alius

1922 5647 2176 5699 advertit.
2200 5646 2394 5700 Noster
2419 5646 2601 5699 itidem
2631 5661 2736 5698 non
2765 5647 2953 5711 semel,
2975 5654 3031 5698 nt
3053 5647 3186 5709 dixi,
3209 5646 3308 5698 boc
3335 5644 3507 5696 utitur

1922 5717 2187 5771 vocabulo
2217 5716 2268 5769 in
2300 5719 2490 5769 eodem
2521 5731 2706 5769 sensu.

1996 5788 2109 5855 (70)
2148 5787 2555 5853 Dispositionem
2587 5786 3010 5853 voluntatemque
3047 5785 3334 5853 siqui/ient.
3362 5783 3515 5836 Prat-

1922 5859 2077 5928 μοιιηὶ
2134 5857 2233 5913 hoc
2281 5858 2394 5913 loco
2444 5857 2496 5911 in
2557 5873 2673 5912 mea
2726 5856 2972 5911 versione
3024 5874 3209 5911 vocem
3266 5856 3514 5911 (iraa-ant
