4184 6440
734 384 839 455 883

1909 381 2395 442 THEOPHANIS
2434 382 2775 443 CERAMEl

3881 378 3988 440 884

737 523 756 554 ι
803 502 978 572 Super
1009 515 1167 570 quem
1208 497 1374 561 enim,
1415 497 1702 564 respiciam
1748 496 2032 561 Dominus,
2061 515 2155 566 per
2188 516 2308 567 pro-

2418 502 2512 555 ὲπὶ
2554 502 2648 554 τὸν
2690 499 2894 570 πραῢν,
2943 498 3035 554 καὶ
3070 499 3294 571 ἥσυχον.
3329 516 3349 551 ι
3391 498 3503 552 Οὐκ
3544 492 3637 551 οὖν
3674 499 3992 566 ἀφροσυνὴν

732 598 955 664 phetam
1013 592 1203 659 inquit,
1243 590 1344 644 nisi
1378 604 1538 657 super
1597 588 1852 642 humilem
1897 599 1951 643 et
1987 590 2226 657 quietum
2258 599 2312 643 et

738 694 1059 740 trementem
1085 697 1366 737 sermones
1391 696 1537 734 meos
1560 681 1604 711 ²⁹
1622 679 1675 732 ἳι
1706 679 1821 733 Νοη
1848 681 2007 748 igitur
2028 680 2309 735 stultitiam

735 774 1017 843 sapientiae
1086 781 1142 826 et
1200 772 1440 824 scientia:
1504 770 1770 824 inscitiam
1847 771 2192 837 anteposuit,
2253 782 2310 822 ut

736 863 969 932 improbi
1023 862 1243 931 quidam
1301 860 1547 915 veritatis
1606 860 1902 912 adversarii
1956 862 2053 912 hoc
2106 860 2307 913 dictum

738 955 1037 1023 accipiunt,
1073 953 1164 1006 sed
1204 952 1563 1004 humilitatem
1614 952 1880 1018 superbia:
1910 951 2155 1018 prattulit.
2184 950 2302 1002 Elii-

733 1047 948 1100 riamur
979 1047 1143 1113 igitur
1172 1055 1225 1098 et
1259 1058 1354 1097 nos
1404 1042 1631 1112 parvuli,
1683 1043 1896 1105 fratres,
1924 1053 1977 1095 et
2022 1060 2139 1097 eam
2189 1058 2308 1110 qua:

732 1139 1030 1194 secundum
1066 1138 1231 1189 Deum
1263 1146 1347 1189 est
1380 1135 1663 1189 infantiam
1692 1152 1803 1204 prie
1835 1136 1989 1189 nobis
2027 1135 2264 1189 feramus
2290 1130 2331 1200 ,’

732 1244 1029 1300 puerorum
1068 1229 1121 1281 in
1155 1228 1477 1298 perferenda
1514 1228 1712 1297 injuria
1762 1229 2077 1298 patientiam
2130 1228 2306 1282 imite-

732 1337 895 1374 mur:
933 1338 951 1373 ι
1002 1320 1120 1374 Nisi
1174 1320 1318 1373 enim
1372 1318 1681 1374 elﬁciainini
1744 1328 1883 1373 sicut
1944 1319 2175 1388 parvuli.
2233 1320 2307 1372 ait

732 1410 1001 1473 Salvator,
1065 1424 1171 1462 non
1238 1409 1510 1463 intrabitis
1574 1410 1627 1463 in
1664 1424 1883 1477 regnum
1921 1410 2011 1463 Dei
2040 1410 2107 1461 ³⁰.
2141 1427 2157 1459 ι
2192 1407 2304 1460 Non

728 1501 995 1569 praecipit,
1032 1509 1088 1552 ut
1118 1501 1172 1553 in
1222 1500 1485 1568 puerilem
1525 1511 1909 1554 convertamur
1941 1508 2179 1561 aztatem,
2207 1500 2307 1551 hoc

729 1593 871 1644 r-nim
916 1593 1030 1647 fieri
1078 1594 1226 1648 nullo
1272 1594 1428 1648 modo
1460 1603 1658 1663 potest,
1692 1597 1783 1647 sed
1835 1595 1909 1647 uti
1966 1595 2030 1646 ad
2084 1592 2305 1647 infantis

727 1684 1131 1751 simplicitatem
1169 1702 1349 1741 mores
1398 1696 1616 1740 nostros
1689 1686 2109 1741 conformemus.
2148 1682 2303 1748 Nam,

725 1800 848 1839 eum
898 1786 1204 1839 OStenderet
1250 1786 1522 1853 parvulos,
1562 1801 1665 1838 non
1724 1786 1904 1840 dixit:
1940 1784 2145 1837 Horum
2196 1794 2301 1848 est,

2415 595 2609 663 σοφίας
2656 591 3004 661 προέκρινεν,
3050 591 3172 644 οὐδὲ
3220 590 3474 659 γνώσεως
3522 590 3773 656 ἄγνοιαν,
3824 590 3900 650 ὠς
3936 590 3988 640 ot

2412 682 2639 753 πονηροὶ
2696 682 2797 749 τῆς
2842 682 3101 751 ἀληθείας
3141 683 3442 751 κατήγοροι
3488 680 3551 732 τὸ
3594 679 3758 749 ῥητὸν
3805 678 3992 744 ἐξελὰ-

2412 775 2588 837 6οντο,
2611 774 2744 828 ἀλλά
2773 775 2873 843 τῆς
2901 773 3217 837 ἀλαζονείας
3243 775 3353 842 τὴν
3401 773 3736 824 ταπείνωσιν
3762 769 3987 839 προετί-

2414 884 2575 935 μησε.
2612 867 2991 936 Νηπιάσωμεν
3034 862 3128 920 οὖν
3166 867 3266 918 καὶ
3309 866 3491 934 ἡμεῖς,
3527 858 3572 915 ὧ
3614 862 3857 928 ἀδελφοὶ,
3884 860 3986 930 τὴν

2411 958 2550 1011 κατά
2584 959 2715 1012 Θεὸν
2753 958 3090 1027 νηπιότητα’
3128 953 3502 1025 μιμησώμεθα
3535 952 3642 1004 τῶν
3685 951 3902 1003 παίδων
3926 948 3988 1001 τὸ

2410 1050 2750 1114 ἀνεξίκακον.
2777 1068 2795 1101 ι
2826 1048 2953 1101 Ἐὰν
2981 1050 3089 1118 γὰρ
3124 1048 3198 1118 μὴ
3232 1045 3485 1115 γένησθε
3520 1060 3682 1113 φησην
3710 1043 3739 1094 6
3770 1040 3963 1109 Σωτὴρ

2408 1141 2484 1203 ὡς
2512 1142 2581 1194 τὰ
2609 1142 2797 1196 παιδία
2823 1141 3020 1203 ταῦτα,
3053 1142 3113 1193 οὐ
3150 1140 3223 1210 μὴ
3265 1138 3544 1203 εἰσέλθητε
3575 1139 3655 1199 εἰς
3690 1137 3795 1206 τὴν
3830 1134 3989 1202 βασι-

2408 1232 2559 1285 λείαν
2587 1232 2681 1283 τοῦ
2714 1232 2873 1285 Θεοῦ.
2916 1251 2932 1282 ι
2971 1232 3084 1283 Οὐκ
3106 1231 3387 1282 ἐπιτάττει
3419 1230 3557 1299 πρὸς
3594 1229 3693 1297 τὴν
3724 1224 3986 1292 παιδικὴν

2407 1322 2632 1393 ἠλικίαν
2666 1322 3139 1392 ἁντιστραφῦναι·
3174 1320 3333 1373 τοῦτο
3372 1320 3478 1388 γάρ
3524 1320 3633 1371 τῶν
3680 1320 3715 1371 ἀ
3766 1317 3987 1385 τχάνων

2407 1415 2575 1468 ἐστίν.
2612 1415 2746 1466 ἀλλά
2772 1415 2908 1482 πρὸς
2937 1413 2999 1466 τὸ
3018 1413 3111 1466 τοῦ
3146 1412 3380 1483 βρέφους
3410 1412 3673 1480 ἀκέραιον
3700 1410 3762 1461 τὸ
3784 1406 3984 1462 ἑαυτοῦ

2407 1500 2539 1574 ἦθος
2578 1504 2985 1575 ῥυθμήσασθαι.
3022 1506 3252 1567 Δεικνὺς
3278 1505 3335 1555 δὲ
3363 1503 3431 1555 τὰ
3462 1502 3649 1555 παιδία
3673 1503 3774 1554 οἰκ
3804 1499 3985 1565 εἶπεν,

2406 1595 2625 1648 Τούτων
2655 1596 2804 1646 ἐστὶν
2824 1596 2857 1663 ἡ
2886 1593 3131 1663 βασιλεία
3165 1593 3259 1645 τοῦ
3290 1594 3447 1657 Θεοῦ,
3476 1592 3632 1655 ἀλλὰ,
3659 1591 3782 1644 Τῶν
3804 1591 3985 1642 τοιού-

2406 1705 2536 1739 των.
2581 1686 2678 1738 ’Ἂν
2715 1684 2807 1738 οῦν
2848 1687 2942 1737 καὶ
2981 1687 3141 1754 ἡμεῖς
3182 1688 3249 1754 τῇ
3302 1684 3566 1753 ἁπλότητι
3594 1684 3983 1752 νηπιάσωμεν,

2406 1778 2799 1846 τελεσθήσεται
2869 1776 2964 1829 καὶ
2996 1778 3055 1827 ὲν
3084 1778 3276 1846 ήμῖνὴ
3318 1792 3414 1827 του
3455 1775 3592 1827 Θεοῦ
3620 1774 3862 1831 ευδοκία.
3895 1773 3987 1824 καὶ

727 1886 844 1950 sed,
877 1904 895 1937 ι
932 1885 1143 1937 Talium
1174 1892 1255 1937 est
1298 1900 1520 1953 regnum
1579 1884 1840 1939 cae!orum
1874 1904 1887 1941 :
1923 1905 1942 1938 ι
1977 1885 2034 1940 Si
2067 1886 2230 1955 igitur
2252 1895 2306 1939 et

2410 1870 2696 1937 δοθήσεται
2740 1868 2817 1931 ὡς
2867 1867 3071 1935 κλῆρος
3098 1870 3131 1936 ἡ
3172 1865 3429 1935 βασιλεία
3465 1866 3574 1919 τῶν
3614 1864 3865 1935 οὐρανῶν
3920 1858 3987 1933 ἧς

728 1987 824 2023 nos
850 1986 1060 2023 morum
1096 1972 1446 2041 simplicitate
1481 1971 1734 2042 parvulos
1759 1988 1859 2027 nos
1890 1974 2302 2043 praebuerimus,

728 2060 782 2111 iu
849 2059 1005 2113 nobis
1066 2060 1231 2112 etiam
1292 2060 1488 2113 divinae
1552 2060 1843 2115 voluntatis
1904 2060 2302 2129 beueplaeitum

730 2147 1063 2215 perficietur,
1099 2156 1154 2200 et
1187 2146 1329 2200 velut
1361 2147 1652 2202 hmreditas
1696 2148 1914 2201 dabitur
1946 2163 2168 2217 regnum
2191 2163 2306 2203 εω-

2402 1959 2735 2028 ὲπισαίημεν
2800 1957 3039 2018 ἅπαντες
3091 1959 3147 2009 ὲν
3180 1956 3403 2027 Χριστῷ
3448 1954 3623 2023 Ἰησοῦ
3673 1953 3751 2022 τῷ
3791 1950 3985 2020 Κυρίῳ

2406 2053 2588 2123 ἡμῶν,
2619 2046 2662 2120 ᾧ
2692 2052 2725 2120 ἡ
2756 2049 2886 2118 δόξα
2926 2052 3023 2103 σὺν
3062 2049 3140 2120 τῷ
3181 2050 3357 2119 Πατρὶ
3390 2049 3485 2101 καὶ
3521 2047 3598 2116 τῷ
3628 2046 3773 2116 ἁγίῳ
3814 2043 3986 2098 Πνεύ·

2410 2164 2539 2217 ματι
2579 2147 2657 2209 είς
2687 2145 2813 2206 τοὺς
2839 2144 3044 2207 αἰῶνας
3080 2145 3191 2197 τῶν
3230 2142 3465 2196 αίῶνων.
3488 2141 3695 2211 Ἀμήν.

727 2240 926 2299 lorum,
960 2255 1066 2308 quo
1118 2241 1321 2292 utinam
1356 2241 1733 2307 perveniamus
1768 2243 1933 2314 336
1985 2257 2175 2298 omnes
2241 2245 2293 2299 in
2329 2240 2545 2299 Christo
2578 2242 2708 2297 Jesu
2778 2240 3005 2295 Domino
3040 2247 3251 2302 nostro,
3312 2238 3396 2291 cui
3437 2235 3605 2305 gloria
3637 2248 3760 2289 cum
3795 2234 3983 2301 Patre,

727 2342 782 2385 et
810 2340 1000 2386 saneto
1031 2330 1235 2401 Spiritu
1263 2332 1314 2385 in
1346 2333 1541 2386 saecola
1587 2334 1932 2390 surculorum.
1969 2336 2160 2389 Amen.

1259 2442 1544 2497 llOMlLlA
1587 2444 1773 2499 XLIX.

728 2538 796 2594 lu
835 2538 930 2590 illa
970 2538 1158 2589 verba:
1187 2555 1205 2588 ι
1238 2535 1416 2590 Voluit
1455 2537 1609 2591 Jesus
1636 2541 1776 2594 exire
1803 2542 1856 2594 iu
1886 2537 2187 2594 Calilwam.
2220 2557 2237 2591 ι

798 2640 866 2651 -—
903 2606 1113 2675 Legitur
1140 2608 1191 2659 in
1225 2608 1353 2677 festo
1385 2606 1443 2662 S.
1488 2608 1740 2676 Philippi.

801 2789 921 2844 Non
978 2789 1136 2843 modo
1181 2805 1300 2843 cum
1356 2791 1408 2844 in
1468 2794 1625 2847 terris
1671 2811 1900 2865 corpore
1948 2807 2298 2853 versarentur

732 2884 1037 2938 Salvatoris
1072 2883 1243 2937 nostri
1269 2883 1541 2952 discipuli,
1570 2889 1970 2954 prardicationis
1999 2891 2303 2946 everricuio

734 2985 1013 3028 traxerunt
1068 2976 1312 3028 homines
1360 2975 1464 3029 sub
1505 2978 1618 3031 sole
1670 2980 1949 3049 degentes,
1998 2984 2091 3036 sed
2141 2984 2303 3036 etiam

731 3080 873 3119 nunc
929 3066 1178 3118 translati
1235 3066 1287 3119 in
1346 3068 1540 3123 cadum
1600 3071 1757 3124 nobis
1818 3074 2012 3126 adsunt
2069 3075 2303 3142 spiritu,

731 3170 944 3220 unaque
972 3160 1329 3221 conveniunt,
1365 3170 1420 3212 et
1451 3162 1695 3228 quamvis
1727 3164 1873 3217 taciti
1910 3166 2226 3232 prmdicaut.
2254 3176 2308 3219 et
2336 3136 2378 3194 ε

731 3261 827 3299 sua
854 3246 906 3298 in
934 3246 1131 3314 templa
1158 3247 1409 3303 invisibili
1442 3252 1600 3305 tundo
1624 3255 2063 3320 adveuictite§,et
2084 3258 2149 3311 ad
2174 3258 2305 3310 festa

730 3335 1055 3388 celebranda
1100 3336 1374 3390 studiosos
1418 3354 1602 3393 eorum
1653 3355 2066 3412 congregantes.
2125 3347 2307 3399 citari-

730 3435 905 3477 smata
964 3426 1249 3481 manifeste
1283 3428 1413 3495 ipsis
1466 3430 1805 3498 impertiunt.
1834 3434 1944 3504 Ego
1994 3437 2153 3506 igitur
2184 3452 2304 3491 cum

730 3530 942 3569 sacram
1012 3518 1191 3585 magni
1260 3518 1487 3588 Philippi
1548 3523 1715 3575 azdem
1799 3526 2041 3578 conferta
2128 3527 2303 3595 populi

730 3608 1075 3663 multitudine
1106 3611 1312 3679 oppleri
1340 3613 1578 3673 videam.
1607 3617 1835 3682 gratiam
1885 3630 1914 3668 a
1962 3617 2070 3671 Deo
2098 3619 2303 3671 sanctis

730 3700 911 3753 datam
962 3701 1277 3768 obtupesro,
1328 3719 1426 3757 nec
1478 3705 1633 3759 facile
1688 3707 1797 3776 pati
1867 3722 2087 3776 possum
2160 3709 2301 3764 hanc

733 3790 1102 3844 celebritatem
1136 3794 1349 3847 silentio
1384 3797 1672 3861 praeteriri.
1698 3798 1777 3851 Ad
1810 3800 1949 3853 ltuuc
1974 3801 2135 3867 igitur
2163 3802 2302 3854 diem

732 3878 929 3931 festum
963 3880 1353 3933 honestandum
1394 3882 1537 3934 aliud
1588 3884 1726 3936 alius
1773 3887 2201 3940 contribuamus.
2240 3887 2305 3941 Et

738 3969 826 4022 hic
859 3969 1075 4034 quidem
1130 3970 1294 4025 totius
1363 3972 1537 4026 noctis
1602 3973 1856 4041 vigiliam,
1904 3986 1958 4029 et
2011 3978 2304 4045 gratiarum

731 4058 967 4112 actionis
997 4061 1211 4113 cantica
1257 4077 1271 4113 :
1308 4061 1395 4115 ille
1450 4077 1577 4115 vero
1618 4064 1866 4131 spiritqu
1903 4067 2218 4129 contritum,
2253 4076 2307 4122 et

734 4158 1094 4216 congruentes
1116 4164 1344 4218 preces;
1369 4152 1506 4207 alius
1536 4154 1910 4221 paenitentiam
1939 4168 2305 4223 peccatorum;

733 4237 871 4290 alius
903 4237 954 4290 in
994 4256 1260 4307 pauperes
1314 4242 1741 4296 miseriCordiam
1779 4245 1953 4314 (adest
2002 4248 2145 4300 enim
2198 4249 2303 4309 hic,

733 4339 792 4383 nt
816 4331 1007 4384 videtis
1030 4348 1326 4401 pauperum
1349 4334 1678 4405 multitudo),
1701 4352 1764 4391 ac
1779 4339 1991 4392 demum
2011 4340 2151 4393 aliud
2170 4341 2308 4394 alius

2972 2442 3217 2499 OMIAIA
3258 2439 3397 2496 MO'.

2410 2541 2513 2605 Εἰς
2538 2540 2624 2603 τὸ,
2669 2558 2687 2589 t
2728 2538 3061 2605 ’Πθέλησεν
3084 2539 3116 2590 ὁ
3160 2534 3399 2608 Ἰησοῦς
3449 2530 3719 2608 ἐξειῖβεῖν
3751 2530 3839 2608 Εἷς
3871 2525 3988 2606 τῆζ

2478 2601 2837 2663 Γαλὶλαιάν.
2878 2629 2895 2660 ι
2930 2601 3002 2648 ξ-
3033 2605 3533 2673 Ἀναγιγὼσκεται
3582 2603 3653 2654 ἐν
3701 2601 3776 2667 τῇ
3810 2601 3987 2665 ἑορτῇ

2477 2679 2584 2733 τοῦ
2624 2679 2799 2747 ἁγίου
2832 2679 3158 2731 Φιλίππου.

2479 2794 2553 2846 Οὐ
2592 2791 2754 2862 μόνον
2790 2788 3216 2860 περιπολοῦντες
3240 2784 3569 2853 σωματικῶς
3604 2784 3663 2834 ὲν
3688 2784 3755 2851 τῇ
3786 2784 3856 2851 γῇ
3892 2780 3987 2833 τοῦ

2413 2885 2664 2954 Σωτῆρος
2704 2885 2751 2935 οί
2800 2881 3040 2952 μαθηταὶ
3093 2880 3190 2948 τὴν
3236 2877 3463 2946 ὑφήλιον
3499 2876 3866 2943 ὲσαγήνευται
3912 2892 3991 2941 τῳ

2414 2976 2755 3045 κηρύγματι,
2801 2974 2916 3026 ἀλλ’
2948 2972 3047 3043 ήδη
3080 2973 3172 3023 καὶ
3205 2970 3574 3039 μεταστάντες
3606 2968 3691 3024 εἱς
3719 2966 3991 3035 οὐρανούς

2418 3069 2653 3122 σύνεισιν
2683 3069 2813 3133 ἡμῖν
2845 3066 3073 3134 νοητῶς,
3117 3063 3211 3116 καὶ
3261 3060 3741 3127 συναγελάζονται,
3780 3059 3874 3110 καὶ
3913 3075 3994 3109 σι-

2411 3162 2617 3226 γῶντες
2648 3160 2995 3227 κηρύττουσι.
3025 3158 3120 3210 καὶ
3153 3158 3264 3216 τοῖς
3286 3155 3436 3223 σφῶν
3464 3156 3745 3220 τεμένεσιν
3767 3150 3993 3217 ἀφανῶς

2409 3253 2790 3321 ὲνδημοῧντές,
2825 3252 2918 3302 καὶ
2958 3250 3094 3318 πρὸς
3127 3250 3225 3310 τὰς
3265 3248 3447 3299 αυτῶν
3491 3244 3836 3312 πανηγύρεις
3861 3243 3993 3301 τοὺς

2410 3347 2727 3415 φιλεόρτους
2752 3342 3064 3411 ἀγείροντες
3090 3340 3336 3409 ἐναργῶς
3367 3338 3547 3397 αὐτοῖς
3581 3336 3688 3387 τῶν
3715 3334 3994 3403 χαρισμά-

2408 3454 2515 3488 των
2566 3433 2963 3504 μεταδιδόασιν.
2998 3431 3144 3497 Ἒγὼ
3191 3432 3371 3483 τοίνυν
3402 3433 3545 3499 όριυν
3576 3428 3665 3480 τὸν
3714 3426 3860 3493 ἱερὸν
3896 3423 3992 3475 τοῦ

2413 3526 2655 3596 μεγάλου
2693 3525 2964 3578 Φιλίππου
2998 3524 3167 3592 σηκὸν
3196 3527 3259 3590 τῇ
3288 3520 3383 3573 τοῦ
3422 3520 3551 3575 λαοῦ
3581 3516 3782 3587 tinea"
3810 3532 3993 3567 στενο-

2408 3615 2776 3686 χωρούμενον,
2809 3612 2907 3682 τὴν
2933 3613 3040 3664 ὑπὸ
3064 3611 3198 3663 Θεοῦ
3225 3612 3469 3663 δοθεῖσαν
3494 3610 3652 3676 χάριν
3685 3608 3796 3667 τοῖς
3814 3604 3994 3669 ἁγίοις

2408 3707 2814 3776 ὲκπλήττομαι,
2868 3707 2962 3757 καὶ
3017 3707 3145 3773 σιγῇ
3184 3700 3475 3772 παρελθεῖν
3524 3702 3623 3769 τὴν
3678 3700 3995 3765 πανήγυριν

2409 3802 2507 3852 οὐκ
2535 3798 2831 3868 ἀνέχομαι.
2865 3797 3057 3858 Ἄλλος
3094 3796 3195 3864 μὲν
3229 3792 3321 3847 οὖν
3359 3794 3486 3846 ἄλλο
3512 3810 3563 3844 τι
3596 3795 3659 3860 τῇ
3687 3792 3854 3859 ἑορτῇ
3896 3786 3992 3839 τοῦ

2410 3890 2714 3950 ἀποστόλου
2771 3888 3275 3954 συνεισενέγκωμεν
3296 3900 3309 3915 ο
3344 3885 3373 3936 6
3413 3884 3511 3952 μὲν
3541 3882 3648 3952 γὰρ
3680 3878 3995 3951 ἀγρυπνίαν

2408 3982 2704 4050 πάννυχον,
2757 3981 2849 4031 καὶ
2908 3978 3299 4046 χαριστηρίους
3356 3973 3503 4044 ᾠδάς
3538 3992 3549 4005 ’
3590 3975 3617 4024 6
3661 3973 3716 4024 δὲ
3770 3988 3993 4037 πνευμα

2410 4070 2871 4139 συντετριμμένον
2911 4071 3003 4121 καὶ
3044 4068 3228 4136 δέησιν
3288 4066 3609 4135 πρέπουσαν
3642 4080 3654 4093 ο
3696 4062 3859 4123 ἄλλος
3896 4060 3995 4129 τὴν

2406 4164 2518 4216 τῶν
2554 4160 2940 4229 ὲπταισμὲνων
2974 4161 3265 4227 μετάνοιαν
3292 4174 3305 4187 ·
3344 4159 3534 4226 ἔτερος
3558 4155 3651 4206 τὸν
3683 4154 3823 4223 πρὸς
3862 4156 3995 4213 τοὺς

2409 4256 2646 4325 πένητας
2683 4253 2835 4305 ἔλεον
2884 4251 3138 4320 (πάρεστι
3174 4250 3300 4318 γὰρ,
3328 4248 3403 4310 ὠς
3441 4239 3638 4313 ὁρᾶτε,
3672 4244 3995 4310 πενομένων

2410 4346 2643 4400 ἐνταῦθα
2674 4343 2906 4415 πληθὺς)
2936 4345 3029 4396 καὶ
3060 4342 3216 4403 ἄλλος
3243 4340 3369 4394 ἄλλο
3404 4356 3457 4391 τι
3485 4337 3958 4408 προσενέγκωμεν
3980 4352 3992 4362 ·

734 4420 1074 4476 conferamus
1102 4439 1117 4489 ;
1146 4431 1308 4492 atque
1339 4424 1484 4479 iners
1524 4442 1701 4491 nemo,
1725 4439 1779 4483 et
1807 4445 2009 4484 vacuus
2034 4431 2301 4485 videatur.

2411 4438 2503 4490 καὶ
2541 4437 2695 4499 κενὸς
2736 4436 2957 4504 όιρθήτω
3004 4433 3213 4502 μηδείς.
3258 4431 3401 4497 Ἐγὼ
3444 4431 3500 4482 δὲ
3554 4426 3859 4526 ἐϐουλόμην
3895 4425 3995 4492 μὲν

734 4508 997 4579 Equidem
1041 4528 1142 4580 ego
1176 4528 1427 4578 cuperem
1469 4516 1534 4567 ad
1589 4516 1910 4572 hortandum
1965 4520 2128 4573 vitam
2182 4532 2306 4575 ante

733 4617 896 4669 quam
951 4607 1119 4657 verba
1179 4620 1518 4674 proponere;
1570 4608 1657 4662 hic
1712 4609 1857 4662 enim
1938 4621 2085 4665 esset
2132 4613 2309 4680 aptior

737 4697 963 4750 docendi
1026 4699 1237 4764 modus,
1306 4701 1350 4754 si
1409 4703 1587 4757 verbis
1655 4705 1763 4757 vita
1824 4708 2307 4773 conciueret;sed

735 4787 990 4855 quoniam
1034 4790 1195 4844 vitam
1235 4793 1486 4849 omnibus
1524 4807 1867 4863 peccatorum
1903 4800 2132 4856 maculis
2160 4810 2314 4856 nota-

806 4946 852 4977 ³⁸
874 4945 975 5000 lsa.
1000 4961 1149 5013 ιινι,
1175 4948 1227 5003 2.
1308 4951 1351 4983 ³ο
1382 4953 1579 5008 Matth.
1600 4970 1751 5018 xvtu,
1782 4956 1835 5009 ὅ.

2415 4531 2505 4584 τδν
2537 4530 2646 4599 βίον
2678 4530 2784 4596 πρὸ
2814 4527 2923 4579 τῶν
2947 4524 3120 4591 λόγων
3148 4524 3354 4576 τιθέναι
3382 4521 3702 4574 διδάσκαλον
3728 4534 3741 4546 ·
3785 4514 3857 4585 ἧν
3881 4518 3993 4583 γὰρ

2419 4622 2485 4674 ἂν
2522 4620 2662 4673 οὕτω
2694 4618 2760 4671 τὰ
2801 4621 2899 4688 τῆς
2938 4616 3288 4676 διδασκαλίας
3325 4614 3560 4682 ἁρμόδια
3581 4610 3671 4663 τοῦ
3701 4610 3843 4678 βίου,
3878 4609 3996 4668 τοῖς

2418 4712 2595 4777 λόγοις
2630 4709 3133 4779 συμφθεγγομένου⁶
3156 4723 3169 4737 '
3211 4707 3325 4761 ἀλλ’
3356 4705 3543 4775 ἐπειδὴ
3572 4702 3663 4757 τὸν
3710 4700 3825 4771 βίον
3867 4702 3993 4751 ἑπι-

2420 4804 2571 4872 φέρω
2612 4802 2795 4871 πάσης
2843 4802 3060 4870 κηλῖδος
3092 4799 3512 4869 ἁμαρτημάτων
3556 4795 3869 4857 ἀνάπλεων,
3902 4791 3993 4845 ἵνα

1976 5069 2285 5130 Francisci
2318 5070 2522 5132 Sco:si
2551 5076 2741 5131 noue.

738 5165 989 5227 εὐδοκίας
1023 5164 1175 5230 cujus
1207 5165 1703 5234 interpretationem
1739 5179 1926 5222 auctor
1953 5170 2189 5221 adnectit
2222 5170 2305 5224 his

737 5234 918 5289 verbis
941 5237 973 5304 ἡ
999 5236 1279 5303 οἰκονομία
1306 5238 1401 5288 καὶ
1430 5238 1670 5306 θέλησις,
1692 5254 1810 5306 qum
1836 5254 1933 5305 ego
1962 5242 2094 5291 verti
2127 5240 2304 5301 dispo-

739 5306 999 5364 sitionem.
1034 5306 1484 5375 voluntatemque;
1521 5308 1563 5361 si
1602 5321 1776 5361 autem
1817 5310 2119 5369 venissem,
2153 5309 2305 5360 benc-

738 5374 1010 5445 plocitum,
1050 5374 1376 5445 quodpvult’
1416 5379 1629 5445 proprie
1688 5378 1927 5440 εὐδοκία,
1966 5387 2032 5431 Δ(ιι.
2110 5380 2305 5433 ιιι-ἱιιαο

2403 5378 2497 5430 τοῦ
2527 5378 2661 5430 Θεοῦ
2692 5376 2935 5438 ἑκούσιος
2966 5376 3185 5445 θέλησις
3211 5393 3223 5405 ·
3249 5376 3371 5428 ὅθεν
3401 5376 3495 5428 καὶ
3527 5377 3746 5428 εὐδοκία

2406 5169 2749 5223 Μιιιιίὺηθιυε
2794 5177 2847 5219 et
2887 5166 3172 5220 Cornelius
3218 5168 3406 5220 societ.
3442 5175 3663 5219 nostrae.
3699 5164 3983 5220 Conﬁrmo

2407 5240 2509 5292 hoc
2546 5249 2712 5290 tutum
2751 5253 2816 5291 ex
2852 5238 3031 5307 Etym.
3066 5253 3248 5303 magn.
3282 5238 3333 5289 in
3367 5252 3494 5290 voce
3528 5236 3744 5289 εὐδοκία
3764 5236 3946 5307 ubiait
3978 5259 3993 5292 ε

2406 5309 2565 5375 Ποιρά
2590 5308 2651 5359 τὸ
2678 5304 2934 5359 εὐδοκοῦν
2955 5307 3009 5359 δὲ
3034 5306 3273 5363 εὐδοκία.
3300 5308 3329 5375 ὴ
3356 5307 3552 5376 ἀρίστη
3607 5307 3701 5357 καὶ
3727 5304 3996 5376 καλλίστη

2406 5378 2497 5425 τοῦ
2527 5378 2661 5425 Θεοῦ
2692 5376 2935 5425 ἑκούσιος
2966 5376 3185 5425 Θέλτπσις
3211 5393 3223 5405 ·
3249 5376 3371 5425 ὅθεν
3401 5376 3495 5425 καὶ
3527 5377 3746 5425 εὐδοκία
3784 5376 3994 5425 Κυδίου

3838 5393 3994 5443 υριου

739 5443 1075 5516 voluntatem
1105 5443 1591 5516 et_dispositionem
1623 5449 2012 5516 :r‘djunxissem,
2031 5448 2170 5499 idem
2195 5449 2308 5501 ine-

2410 5449 2559 5516 παρά
2607 5449 2666 5499 τὸ
2696 5448 2756 5500 εὖ
2780 5448 2873 5498 καὶ
2906 5443 3092 5508 καλῶς
3111 5447 3287 5498 δοκεῖν
3313 5445 3497 5514 αὐτῷ·
3535 5446 3611 5497 Ab
3643 5445 3853 5516 εὑδογῶ
3887 5446 3995 5496 ori-

741 5524 828 5581 pte
859 5514 1132 5585 dixissem:
1158 5513 1310 5585 Quod
1340 5530 1465 5585 vero
1495 5513 1726 5585 pertinet
1756 5518 1821 5570 ad
1852 5533 2036 5569 vocem
2064 5518 2302 5582 εὐδοκία,

740 5580 801 5654 ea
830 5585 881 5635 in
912 5584 1083 5637 sacris
1108 5580 1328 5654 Litteris
1356 5580 1663 5653 frequenter
1688 5597 1993 5650 usurpatur,
2014 5597 2066 5639 et
2089 5580 2301 5654 quidem

742 5650 856 5705 fere
887 5667 1100 5719 semper
1131 5652 1236 5704 Deo
1268 5650 1599 5717 attribuitur,
1630 5657 1855 5723 ejusque
1885 5650 2302 5723 lmueplabitum,

742 5732 799 5774 ut
816 5723 1067 5795 hocutar
1090 5724 1273 5795 verbo,
1296 5725 1485 5779 bonam
1514 5728 1857 5791 voluntatem,
1874 5728 2123 5795 gratiam,
2142 5729 2305 5780 bene-

742 5792 1033 5846 volentiam
1085 5806 1209 5860 erga
1261 5794 1506 5850 homines
1552 5797 1753 5865 signat;
1804 5792 1947 5865 quod
1974 5798 2303 5852 aduotarunt

2413 5515 2499 5571 tur
2527 5518 2746 5569 εὐδοκία
2776 5527 2953 5583 estque
2990 5519 3219 5584 optima,
3250 5528 3295 5569 et
3324 5516 3676 5579 pulcherrima
3715 5515 3807 5584 Dei
3840 5530 3995 5575 spon-

2415 5600 2566 5640 taneo
2589 5588 2848 5641 voluntas.
2873 5583 3028 5639 Under
3045 5597 3093 5638 et
3116 5586 3332 5638 εὐδοκία
3356 5586 3734 5651 beneplucitnm
3764 5583 3993 5643 Domini,

2414 5674 2479 5710 ea:
2513 5675 2570 5710 eo
2608 5659 2743 5722 quod
2780 5657 2905 5709 bene
2943 5667 3178 5723 recteque
3213 5657 3311 5721 ipsi
3348 5656 3610 5708 videatur.
3644 5654 3767 5706 lla-c
3810 5652 3989 5721 Etym.

2413 5744 2532 5796 qua:
2561 5738 2994 5781 rousouantcum
3026 5742 3086 5778 ea
3119 5728 3163 5777 vi
3194 5727 3348 5794 hujus
3375 5727 3543 5796 vocis,
3572 5741 3675 5790 qua
3700 5723 3994 5793 LXXsaepe

2417 5795 2499 5852 usi
2530 5810 2675 5864 sum,
2712 5806 2765 5851 et
2792 5808 2943 5853 vetus
2969 5796 3383 5867 Evangeliorum
3414 5795 3711 5865 interpres.
