4184 6440
691 388 796 452 887

1904 396 2399 458 THEOPHANIS
2438 399 2776 459 CERAMEI

3862 397 3973 461 888

690 507 979 564 convento,
1008 514 1202 566 magno
1234 497 1498 554 delibutus
1524 498 1739 570 gaudio,
1766 501 2043 572 ejusquod
2068 518 2279 572 quaare-

2399 503 2674 573 ,Εντυχὼν
2698 500 2794 557 οὖν
2825 502 2901 572 τῷ
2937 502 3139 573 ἑταίρῳ
3185 503 3331 573 μάλα
3374 503 3693 574 περιχαρῶς
3724 504 3820 559 τοῦ
3871 510 3940 580 Cn
3968 536 3979 541 -

687 591 838 657 bant,
865 592 1023 645 index
1055 592 1307 645 edicitur.

769 702 787 734 ι
826 684 1053 746 lnvenit,
1086 684 1283 752 inquit,
1320 684 1606 754 Philippus
1643 684 2056 752 Nathanaelem,
2120 696 2175 742 et
2216 688 2292 746 ait

698 778 821 832 illi:
872 780 1041 842 Quem
1094 777 1312 846 scripsit
1345 776 1555 847 Moyses
1587 778 1638 831 in
1691 779 1824 845 lege,
1878 788 1931 835 et
1986 781 2288 849 prophetis,

692 867 998 921 invenimus
1025 866 1208 920 Jcsum
1250 866 1416 919 lilium
1448 866 1643 935 Josepb
1678 884 1705 921 a
1739 868 2030 935 Nazareth,
2066 890 2084 920 ι
2132 873 2293 925 modo

689 974 795 1011 non
856 958 911 1012 in
972 959 1109 1013 hanc
1170 960 1491 1013 sententiam
1549 961 1861 1017 exclamans
1919 980 1932 1017 :
1986 963 2106 1017 Non
2157 978 2292 1032 opus

698 1062 781 1105 est
808 1052 961 1106 nobis
992 1052 1245 1120 amplius,
1290 1052 1452 1107 chare
1498 1052 1817 1118 Nathanael,
1845 1064 2076 1108 mentem
2116 1056 2290 1110 inten-

691 1144 820 1197 dere
860 1142 1075 1208 litterte,
1112 1156 1169 1197 re
1204 1152 1497 1210 comperta.
1531 1142 2103 1199 lmeniums'scilieet
2137 1163 2287 1213 eum,

699 1233 789 1299 qui
817 1233 905 1285 diu
934 1232 1269 1300 multumque
1296 1231 1451 1286 nobis
1477 1232 1532 1286 in
1577 1234 1875 1302 quaestione
1908 1234 2027 1289 fuit.
2056 1236 2291 1290 Adverte

694 1334 823 1373 vero
879 1321 1154 1389 quomodo
1209 1320 1515 1390 Philippus,
1563 1323 1811 1389 quamvis
1863 1324 2091 1391 grandia
2140 1325 2287 1395 loqui

690 1413 961 1477 videatur,
998 1426 1102 1464 non
1159 1420 1342 1465 tamen
1396 1410 1675 1466 Iudaicam
1725 1428 1940 1468 omnem
1975 1417 2284 1470 crassitiem

686 1504 1004 1557 excusserit.
1023 1502 1135 1570 Qua
1162 1505 1305 1557 enim
1339 1502 1529 1558 Filium
1556 1504 1754 1572 Joseph
1791 1506 2072 1560 Dominum
2107 1518 2284 1574 vorat,

687 1595 928 1662 arguitur
947 1592 1113 1665 338
1142 1596 1384 1663 profecto
1423 1597 1741 1665 mysterium
1782 1598 2019 1652 nondum
2076 1598 2284 1668 liquato

688 1689 1031 1758 cognovisse.
1083 1690 1346 1759 Cognovit
1395 1705 1527 1744 vero
1571 1692 1914 1760 postmodum
1954 1708 2059 1747 non
2114 1694 2284 1749 fuisse

696 1781 887 1848 Ioseph
915 1780 1017 1850 ipsi
1046 1792 1259 1848 patrem
1282 1787 1580 1836 secundum
1603 1798 1843 1849 carnem,
1864 1786 2082 1852 quando
2096 1786 2278 1839 dicere

690 1872 945 1942 Magistro
962 1886 1064 1926 nou
1098 1873 1363 1928 dubitavit
1394 1874 1687 1928 :cOstende
1709 1878 1862 1931 nobis
1894 1875 2110 1931 Patrem
2144 1877 2209 1930 ³⁸ι
2258 1898 2277 1929 ι
2320 1854 2357 1908 Β

766 1983 784 2016 ι
822 1963 965 2018 Dicit
995 1965 1045 2020 ei
1076 1964 1371 2021 Nathanael
1404 1983 1418 2021 :
1470 1968 1512 2020 A
1542 1966 1809 2021 Nazareth
1856 1976 2034 2036 potest
2081 1969 2282 2037 aliquid

689 2056 813 2109 honi
853 2057 1015 2111 esse?
1042 2057 1171 2111 dicit
1205 2059 1253 2112 ei
1285 2058 1564 2129 Philippus
1610 2079 1621 2113 :
1668 2058 1803 2115 Veni
1831 2071 1885 2115 et
1918 2061 2061 2115 vide.
2095 2080 2113 2111 ι
2141 2061 2281 2126 Quid

689 2150 853 2217 igitur
896 2149 1238 2205 Nathanacl?
1293 2151 1427 2206 Cum
1503 2154 1823 2220 planissime
1882 2154 1947 2207 de
2021 2155 2281 2225 mysterio

690 2243 993 2297 Salvatoris
1024 2258 1089 2298 ex
1136 2245 1335 2298 divinis
1373 2244 1596 2301 Litteris
1633 2260 1781 2303 esset
1811 2248 2108 2304 instructus
2142 2293 2158 2317 ,
2215 2264 2279 2305 ac

690 2346 877 2393 nosset
935 2336 1073 2404 fore,
1108 2346 1166 2391 ut
1216 2353 1244 2392 a
1280 2338 1561 2394 Bethleem
1615 2342 1793 2411 primo
1826 2343 2136 2398 exoriretur
2182 2344 2286 2399 Do-

689 2432 897 2497 minus,
922 2431 1219 2486 Nazaraaus
1248 2446 1453 2487 veroex
1474 2436 1903 2490 commoratione
1934 2437 1990 2489 in
2016 2436 2284 2492 Nazareth

689 2524 833 2577 facta
874 2533 1183 2590 vocaretur,
1218 2524 1358 2595 haud
1384 2534 1708 2579 cunctanter
1739 2526 1967 2598 Philippi
1993 2530 2171 2584 verbis
2201 2547 2289 2585 as-

688 2616 881 2682 scnsit,
902 2617 1155 2671 nimirum
1177 2634 1430 2687 magnum
1456 2619 1609 2687 quid,
1628 2624 1962 2690 et0ptimum
1981 2622 2117 2687 fore,
2143 2626 2285 2692 quod

688 2721 1142 2780 exspectaretura
1164 2712 1429 2767 Nazareth
1450 2715 1968 2769 ostendendumJlla
1986 2717 2128 2772 enim
2154 2735 2165 2769 :
2194 2736 2213 2768 ‹
2236 2719 2277 2771 Α

688 2799 959 2857 Nazareth
1000 2812 1175 2871 potest
1218 2804 1424 2874 aliquid
1468 2806 1591 2859 boni
1639 2820 1783 2869 esse.
1820 2826 1837 2858 ι
1886 2824 1991 2862 non
2026 2819 2151 2862 sunt
2183 2824 2279 2879 per

693 2897 1085 2950 dubitationem
1120 2898 1263 2951 dicta
1295 2896 1431 2967 (76),
1460 2907 1515 2951 ut
1560 2899 1778 2966 quidam
1810 2902 2121 2967 opinantur.
2155 2902 2277 2956 lue-

692 2998 841 3053 ptum
897 2989 1040 3042 enim
1094 3000 1237 3043 esset
1296 3005 1361 3044 eo
1420 3005 1584 3046 sensu
1647 2993 1895 3064 accipere
1952 2996 2115 3050 verba
2171 2993 2274 3048 Na-

767 3173 812 3204 “
858 3175 1012 3230 Joan.
1053 3191 1185 3241 nn,
1220 3177 1272 3231 8.

2394 614 2488 650 του
2498 599 2659 665 μένου
2684 597 2891 664 γίνεται
2924 596 3192 666 μηνυτής.

2474 709 2492 741 t
2531 691 2793 759 Εὐρίσκει
2819 692 2951 760 γάρ,
2996 693 3153 759 φησὶ,
3192 690 3461 753 Φίλιππος
3514 693 3606 744 τὴν
3656 692 3974 760 Ναθαναὴλ,

2396 784 2491 852 καὶ
2520 782 2843 852 λέγειαὺτῷ
2873 798 2887 813 ⁸
2927 784 3023 837 Ὃν
3064 783 3273 852 ἔγραψε
3320 784 3527 852 Μωσῆς
3570 785 3629 837 ὲν
3673 783 3752 853 τῷ
3803 785 3981 853 νόμῳ,

2397 875 2491 927 καὶ
2514 876 2562 927 ol
2594 874 2895 944 προφῆται,
2929 875 3252 944 εὑρήκαμεν
3278 874 3491 944 Ἰησοῦν
3521 876 3612 927 τὸν
3635 876 3749 928 υἱὸν
3772 875 3980 945 Ἰωσὴφ

2394 965 2489 1018 τὸν
2520 965 2628 1021 ἀπὸ
2655 966 2933 1035 Ναζαρέτ.
2978 988 2996 1021 ι
3028 970 3334 1039 Μονονουχὶ
3370 969 3688 1037 ἐκεκράγει,
3717 970 3793 1022 Οὐ
3817 969 3982 1038 χρεέα

2393 1061 2528 1128 ἡμῖν
2557 1061 2655 1124 ἔτι,
2702 1060 2823 1129 φίλε
2856 1062 3198 1133 Ναθαναὴλτ
3221 1066 3516 1133 προσέχειν
3554 1062 3632 1133 τῷ
3655 1063 3978 1133 γράμματι,

2397 1154 2689 1225 ἐντυχοῦσι
2723 1154 2801 1225 τῷ
2846 1155 3161 1224 πράγματι.
3216 1156 3551 1226 Εὑρήκαμεν
3606 1161 3718 1226 γάρ
3768 1159 3985 1209 ἐκεῖνον

2393 1246 2525 1315 περ¹ῠ⁵
2554 1240 2614 1301 οὗ
2645 1247 2744 1315 τὴν
2790 1246 2996 1318 πολλὴν
3051 1247 3286 1319 ζήτησιν
3336 1248 3696 1316 ἐποιούμεθα.
3729 1251 3875 1315 Ὅρα
3928 1250 3983 1302 δὲ

2390 1339 2489 1401 ὡς,
2556 1339 2736 1392 καίτοι
2768 1340 2986 1409 μεγάλα
3023 1341 3197 1394 δοκῶν
3222 1340 3407 1409 λέγειν
3451 1344 3479 1395 ὁ
3510 1342 3800 1406 Φίλιππος,
3830 1342 3984 1411 ὅμως

2390 1430 2448 1482 οὐ
2485 1432 2662 1501 πάντη
2690 1433 2790 1502 τῆς
2823 1433 3120 1500 Ἰουδαϊκῆς
3149 1434 3466 1503 παχύτητος
3489 1435 3849 1489 άπολέλυται.
3886 1430 3983 1496 Οἷς

2393 1523 2502 1593 γὰρ
2538 1524 2655 1576 υἱὸν
2707 1525 2908 1595 Ἰωσὴφ
2939 1527 3199 1595 ὀνομάζει
3245 1528 3336 1580 τὸν
3391 1526 3595 1597 Κύριον
3647 1527 3805 1597 δῆλός
3863 1531 3984 1579 ἐστι

2392 1616 2559 1684 μήπω
2587 1616 2842 1685 καθαρῶς
2864 1617 3125 1684 ἐπιγνοὺς
3175 1618 3237 1670 τὸ
3270 1620 3596 1688 μυστήριον.
3640 1619 3890 1686 Ἐπέγνω
3920 1636 3981 1684 γε

2392 1708 2499 1776 μὴν
2534 1707 2786 1777 ὕστερον,
2820 1709 2897 1771 ὡς
2926 1710 3027 1761 οὐκ
3057 1705 3126 1780 ἦν
3156 1709 3307 1779 αὐτῷ
3342 1710 3483 1763 κατὰ
3533 1710 3715 1779 σάρκα
3767 1711 3980 1779 πατὴρ,

2387 1802 2474 1852 ὅτε
2504 1801 2598 1853 καὶ
2627 1800 2824 1872 ΘαρρΞί
2861 1802 2939 1871 τῷ
2980 1802 3291 1873 διδασκάλῳ
3336 1803 3537 1855 εἰπεῖν·
3583 1823 3601 1855 ι
3629 1802 3813 1867 Δεῖξον
3847 1804 3983 1872 ΐμῖν

2388 1893 2478 1944 τὸν
2513 1894 2733 1963 Πατέρα
2769 1912 2888 1948 σου.

2464 2092 2482 2124 ι
2520 2074 2679 2141 Λέγει
2706 2075 2855 2145 αὐτῷ
2883 2074 3175 2146 Ναθαναήλ
3195 2091 3208 2105 ⁸
3251 2074 3349 2128 Ἐκ
3380 2072 3637 2142 Ναζαρὲτ
3657 2073 3884 2127 δύναταί
3926 2090 3980 2127 τι

2388 2165 2593 2231 ἀγαθὸν
2616 2160 2782 2230 εἶναι;
2802 2167 2969 2233 Λέγει
2988 2166 3138 2236 αὐτῷ
3158 2166 3427 2227 Φίλιππος
3452 2183 3465 2193 ·
3491 2167 3692 2236 Ἔρχου
3719 2166 3815 2219 καὶ
3841 2165 3973 2219 ἴδε.»

2389 2258 2452 2308 Τί
2480 2253 2572 2310 οὖν
2591 2259 2617 2311 ὁ
2651 2257 2989 2328 Ναθαναήλς
3022 2259 3154 2310 Ἀτε
3187 2258 3307 2328 μετ’
3330 2258 3616 2328 ἀκριϐείας
3641 2259 3979 2328 κατηχηϐεὶς

2388 2350 2453 2402 ὲκ
2483 2349 2593 2402 τῶν
2640 2351 2802 2405 οείων
2852 2352 3083 2422 Γραφῶν
3113 2353 3173 2405 τὸ
3199 2352 3292 2405 ³τοῦ
3332 2354 3594 2422 Σωτῆρος
3648 2354 3975 2423 μυστήριον,

2390 2442 2483 2494 καὶ
2511 2440 2691 2507 εἰδὼς,
2722 2442 2799 2504 ὡς
2833 2442 2897 2494 ὲκ
2928 2443 3179 2513 Βηθλεὲμ
3229 2441 3329 2511 μὲν
3373 2443 3405 2509 ἡ
3449 2444 3644 2511 πρώτη
3680 2441 3981 2510 γενήσεται

2390 2534 2707 2611 Θεοφανεξα,
2733 2534 2823 2587 διὰ
2851 2536 2908 2587 δὲ
2938 2535 3039 2605 τὴν
3066 2536 3130 2587 ὲκ
3156 2535 3411 2603 Ναζαρὲτ
3449 2535 3751 2603 διαγωγὴν,
3780 2534 3978 2593 Ναζω-

2394 2629 2544 2697 ραῖος
2568 2627 2929 2696 κληθήσεται,
2962 2630 3075 2691 τοῖς
3099 2627 3196 2679 τοῦ
3229 2629 3503 2681 Φιλίππου
3530 2626 3715 2692 λόγοις
3751 2626 3981 2696 προχεὶ-

2391 2740 2498 2792 ρως
2532 2722 3014 2792 συνωμολόγησεν,
3049 2723 3132 2776 ὅτι
3168 2723 3311 2790 μέγα
3338 2723 3401 2790 δή
3437 2740 3523 2786 τι,
3557 2720 3653 2793 καὶ
3683 2719 3980 2772 κάλλιστον

2387 2815 2543 2866 ἔσται
2567 2801 2629 2866 Eb
2653 2818 2716 2866 ἐκ
2740 2814 2837 2882 τῆς
2870 2814 3127 2882 Ναζαρὲτ
3140 2814 3681 2886 ἀναδειχθήσεσοαιπ
3700 2816 3977 2888 ροσδοκὼ-

2390 2923 2571 2973 μενον.
2601 2907 2673 2957 Τὸ
2700 2900 2829 2973 γάρί
2869 2921 2887 2954 t
2940 2907 3035 2959 Ἐκ
3082 2905 3339 2973 Ναζαρὲτ
3384 2906 3612 2960 δύναεαί
3658 2926 3713 2960 τι
3752 2908 3969 2973 ἀγαθὸν

2385 2993 2546 3064 εἶναι,
2582 3017 2599 3049 ι
2627 3000 2725 3051 οὐκ
2756 2998 3104 3068 summa;
3148 3001 3388 3067 εἴρηται,
3432 2998 3506 3061 ὦς
3550 3017 3697 3063 τινες
3733 3000 3973 3054 οἴονται.

1939 3273 2264 3334 Francisci
2299 3274 2505 3336 Scorsi
2544 3286 2735 3339 nota).

764 3396 877 3471 (fit)
924 3396 1200 3471 Philippus
1244 3412 1299 3447 os
1344 3393 1633 3471 lampadis.
1686 3392 1805 3471 Non
1849 3409 2069 3461 possum
2132 3396 2275 3471 dilii-
2308 3384 2353 3445 C
2386 3409 2616 3466 utroque
2662 3402 3014 3457 Testamento
3062 3404 3130 3456 ad
3182 3412 3507 3470 praesentem
3564 3404 3971 3471 expositionem

696 3469 798 3520 teri
837 3470 972 3520 hanc
1019 3467 1349 3519 notationem
1385 3465 1539 3516 valde
1572 3478 1697 3519 esse
1740 3465 2031 3526 detortam,
2066 3475 2121 3519 et
2154 3466 2270 3520 Ion-

696 3539 816 3603 gius
862 3551 1022 3606 quam
1073 3535 1198 3590 licet
1244 3536 1311 3589 ah
1344 3533 1612 3606 Hebraica
1672 3534 1893 3606 regione
1944 3536 2269 3606 deductam,

696 3623 819 3659 cum
858 3603 959 3659 vox
1000 3606 1051 3658 in
1086 3606 1296 3660 Gra'cia
1341 3614 1466 3658 nata
1500 3603 1588 3664 sit,
1616 3613 1670 3654 et
1702 3605 1769 3657 ab
1800 3619 1863 3659 ea
1913 3605 2174 3659 translata
2205 3608 2271 3662 ad

698 3677 972 3731 Hebraeos.
1021 3677 1289 3737 Φίλιππος
1336 3674 1480 3729 enim
1532 3673 1640 3726 ἀπὸ
1667 3673 1762 3727 τοῦ
1819 3676 1995 3742 φιλεῖν
2034 3676 2267 3740 ἵππους,

697 3751 765 3802 ab
801 3762 1006 3812 amore,
1037 3762 1129 3801 seu
1179 3746 1357 3801 studio
1389 3759 1676 3811 equorum,
1711 3747 1855 3813 quod
1905 3745 2049 3799 laudi
2084 3745 2271 3800 datum

696 3830 920 3872 estnon
979 3816 1238 3871 mediocri
1277 3814 1384 3868 illis
1440 3814 1635 3881 priscis
1696 3816 1972 3879 heroibus,
2028 3818 2161 3881 quin
2221 3826 2276 3869 et

697 3889 804 3942 diis
836 3902 864 3941 a
891 3886 1291 3940 fabulatoribus
1341 3884 1565 3943 Graecis,
1598 3892 1655 3935 ut
1689 3884 1891 3937 Palladi
1938 3900 1969 3938 a
2011 3885 2272 3939 Callima-

696 3961 802 4012 cho
846 3959 927 4019 εἰς
975 3956 1179 4026 λουτρὰ
1210 3955 1307 4026 τῆς
1341 3952 1640 4026 Παλλάδος.
1689 3955 1769 4026 Ab
1819 3954 1921 4007 hoc
1959 3956 2136 4026 igitur
2171 3970 2273 4009 no-

698 4042 814 4082 mer
874 4024 1141 4081 adscitum
1168 4044 1183 4089 ;
1212 4025 1303 4080 sed
1339 4026 1384 4079 si
1428 4024 1563 4095 quis
1614 4025 1923 4079 condonare
1955 4025 2006 4078 id
2053 4036 2270 4095 etymon

697 4098 836 4165 velit
887 4096 1229 4165 Theophani,
1287 4095 1373 4163 pie
1426 4092 1555 4165 illud
1608 4096 1674 4145 ad
1709 4108 1927 4165 sensum
1987 4092 2167 4160 suum,
2219 4103 2275 4149 et

700 4160 912 4221 laud'em
964 4160 1192 4235 apostoli
1256 4160 1533 4235 trahenti-,_
1574 4178 1680 4235 non
1744 4164 1970 4217 omnino
2002 4164 2120 4217 sine
2166 4165 2271 4235 ulla

700 4236 961 4303 probabili
987 4231 1203 4303 ratione
1225 4235 1425 4288 dictum
1452 4231 1764 4286 existimare
1802 4234 1972 4300 possit
1996 4252 2008 4287 :
2044 4243 2104 4292 ’Ξ
2129 4234 2272 4289 enim

700 4291 756 4359 os
812 4316 866 4361 et
913 4291 1145 4373 15510::
1179 4322 1273 4360 seu
1336 4305 1566 4373 lampas,
1624 4305 1767 4358 unde
1803 4291 2051 4374 'Philippi
2079 4291 2274 4359 nomen

721 4381 836 4447 ipse
864 4378 1175 4447 concinnat.

774 4446 888 4518 (75)
930 4446 1186 4499 Betsaida
1220 4446 1410 4518 quippei
1448 4454 1755 4518 venatorum
1804 4444 2017 4518 donius.
2053 4445 2117 4518 S.
2152 4445 2276 4500 Hie-

700 4515 963 4586 ronymus
1019 4526 1074 4569 et
1123 4515 1507 4585 etymologiam
1563 4515 1910 4570 conlirmabit
1959 4516 2157 4572 simul.
2222 4526 2277 4571 et

701 4602 922 4640 sensum
956 4587 1220 4647 auctoris,
1252 4601 1371 4653 qua:
1406 4603 1471 4640 ex
1516 4586 1853 4654 ignobilitate
1884 4586 2065 4653 oppidi
2106 4587 2276 4639 dedu-

703 4658 778 4709 cit
804 4657 1079 4710 Christum
1129 4656 1367 4709 voluisse
1405 4656 1697 4710 ostendere
1726 4670 1754 4706 a
1790 4669 1848 4707 se
1902 4655 2182 4721 ignobilia,
2223 4665 2277 4709 et

2377 3473 2729 3525 astruendam
2766 3471 3011 3526 Grzecam
3060 3474 3305 3527 vocnlam
3339 3474 3393 3526 τι
3438 3475 3638 3537 accipit
3670 3490 3766 3540 pro
3803 3479 3972 3541 quid-

2376 3542 2523 3613 dam_,
2595 3542 2678 3596 vel
2732 3558 2835 3613 pro
2890 3543 3150 3609 particula
3199 3546 3489 3613 ὲπιτατικῇ
3557 3545 3818 3598 intensiva
3863 3548 3970 3609 ὅτι,

2378 3618 2436 3661 ιιι
2488 3609 2665 3664 Latini
2724 3609 3016 3683 aliquando
3051 3630 3232 3679 quam,
3270 3609 3573 3683 eodemque.
3608 3617 3773 3667 modo
3828 3616 3973 3669 idem

2376 3690 2567 3734 auctor
2590 3683 2734 3735 hom.
2768 3682 2855 3742 46.
2876 3699 2995 3751 qua!
3018 3693 3101 3737 est
3126 3683 3192 3736 de
3217 3685 3403 3737 sedata
3435 3682 3605 3737 maris
3632 3694 3971 3748 tempestate

2377 3751 2541 3805 verba
2564 3752 2651 3804 illa
2679 3770 2692 3805 :
2716 3753 2901 3815 Qualis
2934 3765 3009 3804 est
3037 3754 3121 3804 hic
3149 3757 3271 3814 quia
3302 3755 3439 3806 renti
3465 3766 3510 3807 et
3540 3771 3685 3807 mare
3709 3754 3970 3808 obediunt

2375 3825 2445 3882 ei,
2502 3835 2608 3875 non
2673 3822 3080 3889 interrogative,
3136 3824 3229 3876 sed
3281 3824 3602 3878 aliirmative
3654 3822 3823 3877 sumit
3861 3826 3972 3879 hoc

2379 3893 2539 3944 modo
2573 3910 2585 3945 :
2620 3890 2791 3955 Quam
2830 3909 3052 3960 magnus
3085 3894 3167 3945 hic
3194 3903 3268 3946 est
3301 3896 3389 3961 qui
3422 3896 3585 3946 tantis
3618 3894 3818 3947 viribus
3846 3896 3968 3957 pol-

2377 3963 2469 4023 let,
2505 3972 2551 4013 et
2592 3961 2847 4027 transfert
2889 3964 3145 4015 elementa
3176 3980 3276 4023 quo
3310 3965 3438 4016 vult.
3468 3964 3643 4027 Atque
3672 3973 3733 4017 ut
3770 3965 3969 4031 singu-

2380 4032 2460 4086 los
2515 4034 2815 4099 expendam
2850 4032 2999 4086 locos
3031 4036 3294 4085 adductos
3346 4035 3413 4085 ab
3470 4044 3718 4095 auctore,
3754 4034 3973 4100 primus

2380 4102 2639 4225 ille’psal.
2674 4115 2729 4154 ut
2781 4100 2979 4169 legitur
3023 4102 3239 4170 quidem
3301 4104 3465 4155 etiam
3516 4104 3567 4155 in
3599 4104 3729 4155 edit.
3775 4104 3969 4157 Graeca

2380 4171 2470 4225 LX
2572 4186 2693 4225 cum
2746 4170 3203 4225 interrogatione:
3252 4181 3490 4225 attamen
3526 4186 3626 4224 non
3664 4172 3845 4225 deest.
3874 4174 3969 4225 qui

2380 4170 2521 4225 LXX
2572 4186 2693 4225 cum
2746 4170 3203 4241 interrogatione;
3252 4181 3490 4226 attamen
3526 4186 3626 4224 non
3664 4172 3845 4234 deest,
3874 4174 3971 4241 qui

2379 4242 2539 4303 legat,
2603 4241 2685 4294 vel
2746 4242 2981 4309 explicet
3034 4241 3261 4297 LValde
3316 4242 3658 4306 multiplicati
3697 4253 3845 4299 sunt,
3906 4252 3967 4295 ut

2383 4311 2659 4371 Vatahlus,
2695 4325 2814 4378 quae
2858 4311 3018 4364 lectio
3054 4312 3104 4364 in
3142 4312 3281 4365 idem
3340 4313 3551 4368 recidit.
3589 4327 3653 4364 ac
3704 4313 3748 4364 si
3807 4312 3965 4364 dicas

2380 4396 2502 4435 cum
2538 4391 2727 4434 nostro
2778 4400 2791 4436 :
2836 4381 3009 4446 Quam
3047 4383 3278 4434 maxime
3318 4382 3656 4450 multiplicati
3700 4390 3827 4434 sunt
3860 4383 3973 4433 ini-

2380 4453 2505 4505 mici
2538 4450 2674 4504 mei!
2700 4449 2885 4517 Neque
2917 4466 3046 4505 vero
3074 4451 3116 4505 si
3147 4452 3219 4502 ita
3250 4449 3509 4516 explices,
3536 4463 3801 4519 repugnat
3835 4466 3969 4505 seu-

2380 4539 2472 4576 sus
2504 4537 2625 4575 cum
2664 4530 2854 4575 nostra
2889 4520 3111 4589 Vulgata
3144 4521 3398 4581 lectione,
3433 4530 3483 4573 et
3538 4536 3601 4575 ea
3637 4523 3805 4573 etiam
3841 4536 3969 4589 quae

2380 4604 2461 4646 est
2495 4590 2653 4645 LXX.
2678 4591 2830 4657 Quod
2864 4592 3007 4644 enim
3043 4605 3138 4658 per
3167 4590 3392 4659 ligurum
3429 4590 3834 4651 admirationis,
3886 4592 3969 4645 vel

2383 4662 2831 4730 interrogationis
2880 4661 3102 4723 dicitur,
3148 4660 3289 4728 quod
3349 4660 3415 4713 ad
3472 4674 3582 4713 rem
3620 4669 3677 4713 et
3736 4676 3964 4714 sensum

702 4725 1129 4799 contemptibilia
1182 4725 1367 4799 mundi
1426 4724 1847 4799 electa_luis_se.
1921 4724 2015 4799 §ic
2064 4726 2276 4799 itaque
2309 4727 2348 4781 D
2384 4724 2636 4797 pertinet,
2662 4746 2768 4783 non
2800 4740 2883 4784 est
2912 4732 3056 4784 aliud
3099 4724 3276 4793 ab'eo,
3325 4730 3467 4797 quod
3500 4731 3617 4784 sine
3647 4730 3968 4799 hujusmodi

702 4796 927 4850 llieron.
964 4795 1058 4848 lib.
1090 4811 1168 4861 ts,
1198 4796 1251 4849 in
1286 4809 1407 4861 cap.
1443 4811 1575 4849 xvm
1608 4794 1808 4847 Ezeeh.
1858 4812 1871 4848 :
1924 4794 2137 4848 Viculus
2172 4795 2276 4849 Pe-

701 4868 792 4931 tri,
845 4876 891 4919 et
942 4864 1168 4918 Andreae
1217 4865 1493 4934 (idemque
1543 4864 1798 4931 Philippi)
1853 4865 1948 4916 hoc
1982 4866 2282 4932 appellatur

700 4936 969 4988 vocabulo.
997 4935 1248 4987 Betsaida
1286 4936 1422 4987 enim
1467 4943 1704 4993 magna:
1734 4934 1915 5001 lingua
1971 4947 2149 4988 nostra
2191 4951 2286 5000 ap:-

701 5006 928 5068 pellatnr
951 5008 1140 5059 domus
1183 5014 1519 5057 venatorum.
1560 5007 1699 5069 Lege
1755 5014 2013 5068 praeterea
2053 5004 2288 5058 Onoma-

706 5078 949 5142 tograph.
1017 5075 1253 5128 Ballistr.
1314 5075 1406 5142 qui
1446 5076 1680 5140 disputat
1726 5074 1790 5127 dc
1830 5073 2025 5140 duplici
2076 5090 2208 5130 voce
2234 5085 2287 5129 et

706 5142 956 5209 lectiohe,
991 5146 1258 5199 Bethesda
1290 5154 1345 5196 et
1384 5144 1652 5196 Betsaida.

776 5216 888 5286 (76)
930 5215 1048 5269 Non
1087 5226 1209 5286 sunt
1260 5229 1356 5286 _p_er
1398 5215 1777 5268 dubitationem
1824 5217 1987 5269 dicta.
2026 5216 2276 5269 Affirma-

710 5284 813 5337 tive
838 5290 1001 5341 verba
1032 5286 1122 5338 illa
1146 5303 1158 5337 :
1179 5284 1220 5337 Α
1252 5284 1522 5337 Nazareth
1568 5297 1732 5355 pgtest
1764 5289 1961 5355 aliquid
1992 5288 2110 5339 boni
2144 5304 2276 5346 esse.

709 5357 838 5422 legit
881 5366 937 5410 et
982 5356 1178 5409 asserit
1237 5355 1553 5423 accipienda
1590 5353 1970 5422 Theophanes,
2006 5362 2275 5424 quomodo

706 5428 873 5477 rlialll
930 5428 1126 5495 legisse
1202 5425 1546 5492 Rupertnm,
1607 5426 1989 5493 Augustinum,
2052 5428 2270 5491 Bmlam,

710 5497 913 5549 nullum
950 5513 1077 5551 vero
1137 5511 1203 5551 ex
1259 5495 1464 5550 Graecis
1501 5495 1772 5552 Patribus.
1798 5499 2019 5551 adnotat
2073 5497 2275 5550 Mahlo—

709 5580 870 5619 natus
904 5578 1108 5621 noster.
1147 5567 1254 5622 Sed
1309 5580 1436 5619 ecce
1484 5568 1591 5629 hic,
1628 5580 1785 5633 quem
1820 5584 1955 5621 nove
1998 5570 2048 5621 in
2100 5568 2269 5621 lucem

708 5640 919 5701 damus,
949 5637 1169 5692 Graecus
1210 5638 1370 5690 Pater
1394 5637 1602 5689 Latinis
1650 5636 1754 5689 illis
1784 5642 2075 5701 consentit,
2111 5653 2270 5706 quem

712 5707 1074 5770 Maltlouatus,
1126 5708 1170 5761 si
1203 5719 1359 5761 antea
1408 5708 1584 5761 editus
1637 5718 1807 5771 esset,
1844 5710 2040 5762 habere
2075 5709 2271 5775 potuis-

710 5786 815 5837 sel,
847 5793 1006 5844 quem
1042 5779 1094 5831 iu
1126 5793 1245 5831 eam
1272 5779 1599 5830 Sententiam
1639 5775 1874 5831 aﬂerret.
1922 5780 2110 5847 Itaque
2137 5789 2189 5831 et
2222 5779 2272 5831 in

713 5848 814 5902 hoc
844 5864 1000 5904 uuom
1050 5860 1122 5905 tta
1172 5850 1411 5913 exponit,
1444 5858 1494 5904 ct
1534 5849 1585 5903 in
1617 5849 1825 5905 cancris
1858 5850 2177 5907 testimoniis
2210 5850 2275 5904 ab

2384 4805 2553 4869 ligura
2606 4801 2779 4853 solum
2836 4799 3152 4853 aliirmando
3190 4801 3573 4868 pronuntiatur
3611 4818 3625 4853 :
3662 4808 3717 4852 ut
3755 4799 3847 4851 illa
3900 4816 3965 4852 ex

2381 4868 2541 4924 (lant.
2578 4880 2702 4921 sunt
2728 4885 2791 4922 ex
2829 4884 2949 4936 eap.
3000 4885 3034 4928 ι,
3083 4871 3169 4921 ubi
3216 4884 3312 4922 nos
3361 4870 3626 4921 habemus
3663 4886 3677 4921 :
3712 4868 3967 4922 Pulchra:

2384 4951 2504 4994 sunt
2535 4956 2677 5007 gente
2709 4949 2811 4992 tum
2837 4941 2971 4991 sicut
3000 4940 3248 5000 turturis,
3271 4938 3411 4992 LXX
3441 4938 3767 4991 habentle
3795 4939 3974 5005 ὡραι-

2386 5010 2601 5079 ὡῢησαν
2624 5011 2679 5062 αι
2721 5010 2972 5075 σιαγόνες
3025 5026 3118 5060 σου
3150 5026 3162 5039 ·
3193 5019 3247 5062 et
3301 5010 3480 5062 versio
3536 5009 3720 5062 Latina
3773 5018 3915 5061 sext.
3954 5026 3969 5079 ξ

2392 5081 2563 5143 Quam
2596 5081 2843 5145 speciosa
2873 5079 3027 5147 facit?
3064 5090 3183 5131 sunt
3214 5094 3359 5145 gente
3402 5089 3506 5131 tua:
3534 5079 3671 5131 sicut
3700 5078 3973 5131 turturis!

2390 5151 2577 5218 Neque
2608 5151 2712 5205 ulla
2744 5152 2795 5205 in
2826 5152 2957 5202 edit.
3008 5160 3092 5202 est
3120 5150 3559 5217 interrogationis
3608 5160 3753 5209 nota,
3786 5158 3846 5199 ut
3886 5150 3967 5200 vi-

2386 5222 2581 5275 deatur
2634 5220 2762 5274 illud
2809 5221 2860 5271 τί
2917 5219 3163 5273 Graecum
3218 5234 3314 5287 pro
3374 5219 3639 5286 particula
3695 5218 3968 5272 intensiva

2385 5292 2608 5344 omnino
2634 5299 2928 5357 sumptum.
2965 5288 3099 5354 Cap.
3134 5302 3259 5341 vero
3288 5304 3361 5349 tv,
3396 5289 3483 5341 ubi
3536 5304 3634 5342 nos
3687 5288 3967 5354 legimus:

2387 5360 2557 5425 Quam
2583 5362 2817 5425 pulchra:
2849 5368 2968 5413 sunt
2992 5376 3235 5412 mammw
3263 5368 3391 5423 tum,
3419 5374 3568 5412 soror
3598 5375 3711 5410 mea
3734 5360 3970 5425 sponsa?

2384 5446 2508 5483 cum
2546 5432 2788 5497 apposita
2816 5428 3195 5482 admirationis
3228 5438 3375 5487 n0la,
3403 5426 3541 5493 LXX
3577 5428 3969 5484 εΤίὲκαλλιὼ-

2385 5502 2632 5569 Οητανοὶ
2679 5500 2873 5568 μαστοί
2925 5516 3040 5564 σου,
3093 5498 3236 5551 nulla
3291 5498 3473 5569 addita
3531 5510 3657 5551 nota
3710 5499 3967 5552 etiamin

2385 5572 2572 5625 Bibliis
2624 5572 2789 5639 regiis
2859 5569 3300 5624 correctissimis.
3364 5568 3513 5623 Unde
3568 5570 3709 5621 idem
3764 5583 3967 5622 sensus

2383 5643 2674 5709 colligitur,
2715 5641 2805 5710 qui
2859 5639 3082 5710 aliertnr
3145 5654 3172 5691 a
3233 5640 3575 5710 nostro,rqni
3610 5653 3766 5710 sane
3799 5639 3873 5690 ita
3912 5639 3964 5710 in

2387 5706 2746 5766 ειιίδἯὼΙὶίέ
2775 5710 2925 5779 legit.
2970 5709 3190 5761 Demutn
3251 5711 3401 5761 locus
3460 5709 3548 5762 ille
3603 5708 3659 5761 S.
3723 5706 3968 5779 Matthxi

2386 5799 2505 5850 cap.
2535 5798 2609 5834 vn
2641 5800 2652 5835 :
2681 5776 2853 5847 Quam
2884 5791 3106 5850 angusta
3136 5787 3285 5850 porta
3309 5792 3354 5830 ct
3387 5790 3535 5831 arcta
3568 5780 3650 5831 via
3672 5776 3966 5850 esterne-

2391 5847 2465 5908 ου’
2512 5854 2709 5908 dbitur
2765 5873 2773 5907 :
2823 5850 2887 5904 Τί
2951 5849 3109 5917 στενὴ
3164 5848 3331 5917 πύλη,
3378 5853 3469 5903 καὶ
3530 5849 3874 5915 τεθλιμμένη
3931 5847 3962 5914 ὴ
