4184 6440
178 365 285 429 839
1558 369 1887 431 HOMIIJA
1929 371 2137 431 XLIX.
3344 382 3452 446 890

179 486 394 557 Εὖηθες
430 487 540 559 γὰρ
568 488 697 560 τῇδε
728 489 919 558 νοῆσαι
962 487 1053 542 τὸν
1080 486 1375 559 Ναθαναὴλ
1415 485 1588 556 ἄνδρα
1638 489 1752 539 ἐπι-

1869 485 2155 552 thanaelis,
2186 485 2425 541 hominis
2468 486 2564 557 qui
2595 501 2715 557 quas
2736 489 2800 544 de
2841 489 3060 546 Christo
3087 491 3229 547 dicta
3265 509 3442 560 erant,

184 580 463 642 στατικῶς
504 580 571 633 τά
606 580 735 651 περὶ
769 580 1014 648 Χριστοῦ
1049 580 1446 650 ἐρευνήσαντα.
1491 576 1650 630 Ἀλλά
1680 578 1752 630 τό⁴

1866 577 2230 633 solertissime
2286 576 2715 649 investigasset:
2774 583 2868 638 sed
2916 584 3053 651 hoc,
3081 584 3289 655 aliquid
3331 588 3451 642 boni

176 671 244 722 Τῖ
269 671 495 739 ἀγαθὸν,
526 673 648 726 ἀντὶ⁵
663 674 781 737 τοῦ,
805 672 943 728 Δίαν
972 673 1197 741 ἀγαθὸν,
1232 671 1451 737 νοητῶν
1480 671 1633 741 ήμῖν.
1657 670 1752 722 Τε-

1864 684 1994 734 esse,
2028 670 2101 723 ita
2132 670 2286 725 nobis
2316 670 2721 741 intelligendum
2748 683 2852 738 est,
2884 691 2948 729 ac
2982 678 3025 732 si
3058 677 3246 733 dicat:
3278 681 3450 745 Quid-

177 764 489 833 τριμμὲνον
519 764 575 817 δὲ
604 765 666 818 τδ
697 767 851 835 ῥῆμα
881 764 1042 819 τοῦτο
1063 806 1078 828 ,
1126 765 1224 818 καὶ
1258 763 1490 834 σύνηθες
1519 765 1585 833 τῇ
1616 762 1752 830 Γραε

1862 762 1986 816 dam
2020 761 2175 815 valde
2224 762 2421 817 bonum
2465 772 2571 818 est.
2604 763 2756 820 Trita
2788 780 2950 835 porro
3003 780 3057 823 et
3110 775 3307 825 usitata
3362 782 3448 825 est

182 855 285 922 φῇ·
314 853 447 908 Ὀτε
477 854 586 924 γάρ
620 855 786 908 Δαδὶδ
816 854 955 925 πρὸς
978 856 1038 909 τὸ
1070 855 1276 925 πλῆθος
1316 854 1627 922 ἰλιγγιάσας
1652 853 1752 906 τῶν

1865 852 1980 907 haec
2004 850 2210 907 locutio
2237 854 2290 906 in
2319 854 2492 909 sacris
2516 854 2757 911 Litteris.
2782 856 2920 912 Nam
2943 867 2997 913 et
3022 860 3186 914 David
3212 862 3454 917 multitu-

175 946 532 1015 πειρασμῶν,
566 965 585 999 ι
617 946 809 1018 Κύριε,
847 948 899 1000 τί
936 946 1356 1016 ἐπληθύνθησαν
1392 948 1441 1000 oi
1482 945 1752 1009 θλίϐοντες

1860 944 1986 1000 dine
2032 945 2413 1000 insectantium
2435 948 2837 1004 circumventus
2850 950 3063 1006 dicebat
3096 969 3109 1005 :
3136 970 3154 1002 ι
3184 950 3435 1021 Domine,

175 1039 246 1105 μέ
278 1053 328 1103 ;ι
368 1039 529 1108 φησί’
571 1040 632 1093 Τί
654 1038 813 1092 τοῦτο
835 1039 1034 1108 λέγων,
1072 1040 1145 1101 ὡς
1177 1040 1315 1094 Λῖαν
1340 1037 1752 1107 ἐπληθύνθησαν

1858 1054 2022 1108 quam
2054 1040 2396 1109 multiplicati
2428 1052 2575 1108 sunt,
2607 1042 2700 1113 qui
2730 1043 2993 1099 tribulant
3024 1060 3111 1101 me
3147 1045 3215 1109 ³⁸,
3236 1063 3255 1097 ι
3309 1047 3451 1102 hanc

172 1130 222 1181 οί
256 1129 463 1197 ἐχθροί.
498 1130 608 1183 Καὶ
654 1133 683 1184 6
730 1131 895 1194 καλὸς
936 1131 1254 1200 ἀδελφιδοῦς
1298 1134 1356 1186 ἐν
1400 1132 1477 1201 τῷ
1512 1133 1752 1204 ’ᾼσματι

1859 1133 2176 1204 particulam
2203 1133 2278 1198 τί,
2311 1150 2490 1205 quam,
2540 1148 2744 1203 ponens
2780 1149 2877 1204 pro
2901 1152 2915 1189 :
2937 1136 3109 1202 Quam
3137 1137 3295 1193 valde
3322 1138 3453 1193 mul-

175 1220 486 1289 θαυμάζων
518 1223 579 1275 τὸ
608 1222 809 1285 κάλλος
840 1223 939 1292 τῆς
988 1223 1265 1294 σώφρονος
1317 1223 1573 1293 νύμφης,
1613 1221 1752 1275 οὕτω

1860 1226 2082 1295 tiplicati
2106 1236 2232 1282 sunt
2258 1227 2490 1282 inimici!
2512 1236 2567 1282 et
2604 1228 2828 1297 pulcher
2852 1226 3127 1283 fratruelis
3146 1230 3199 1283 in
3227 1231 3449 1285 cantico

172 1310 341 1378 φησί’
382 1330 400 1363 ι
440 1313 507 1365 Τί
556 1312 971 1381 ἐκαλλιὼθησαν
1013 1316 1065 1368 οἱ
1114 1315 1315 1385 μαστοί
1358 1332 1493 1376 σου.
1551 1314 1752 1385 ἀδελφή

1856 1330 2025 1376 casta;
2093 1335 2307 1391 sponsa:
2366 1319 2827 1389 pulchritudinem
2904 1320 3212 1376 admiratus
3291 1322 3369 1375 ait
3428 1340 3446 1380 :

172 1420 280 1468 μου
319 1401 546 1473 νύμφηῒ
581 1422 599 1455 ι
640 1405 771 1469 Καὶ,
803 1423 823 1457 ι
870 1405 936 1458 Τί
980 1404 1346 1476 ὼραιώθησαν
1396 1405 1454 1457 ai
1508 1404 1752 1472 σιαγόνες

1862 1430 1882 1465 ι
1917 1411 2089 1479 Quam
2121 1412 2343 1481 pulchra
2369 1411 2507 1466 facta
2547 1421 2675 1466 sunt
2709 1411 2878 1466 ubera
2915 1424 3026 1474 tua,
3058 1426 3260 1480 sponsa
3294 1412 3381 1467 “i
3422 1430 3443 1465 ι

170 1511 270 1546 σου
303 1496 318 1549 i
354 1515 373 1547 ι
413 1498 524 1550 Καὶ
558 1499 687 1570 περὶ
726 1498 828 1568 τῆς
879 1498 991 1551 τῶν
1025 1498 1237 1567 ἀρετῶν
1264 1497 1473 1551 είσόδου
1526 1498 1692 1567 φησὶν
1727 1496 1752 1549 6

1854 1515 1951 1559 et:
1994 1524 2013 1556 ‹
2040 1505 2212 1573 Quam
2257 1504 2517 1573 speciosa:
2562 1503 2718 1558 facta:
2769 1511 2899 1558 sunt
2948 1518 3099 1573 genae
3147 1512 3252 1559 tua:
3293 1505 3381 1559 "'l
3424 1523 3443 1557 ι
3540 1559 3544 1563 ,

168 1584 367 1655 Σωτὴρ
394 1587 805 1657 θαυμαστικῶς⁹
849 1607 868 1640 ι
907 1587 973 1641 Ti
1022 1588 1184 1659 στενή
1235 1589 1269 1657 ή
1308 1587 1474 1658 πύλη.
1529 1588 1561 1656 ή
1612 1586 1752 1639 ἀπά-

1852 1608 1908 1653 et
1954 1598 2021 1653 de
2068 1597 2240 1665 prima
2302 1595 2644 1664 ingressione
2694 1595 2953 1648 virtutum
3012 1594 3259 1649 Salvator
3343 1610 3447 1665 per

166 1693 344 1742 γουσα
373 1678 454 1740 είς
484 1679 584 1749 τὴν
614 1678 801 1748 ζωήνί
844 1697 863 1731 ι
921 1680 983 1731 Ei
1043 1679 1150 1749 γὰρ
1201 1678 1555 1749 ἀπορητικῶς
1594 1677 1752 1731 τοῦτο

1854 1686 2269 1741 admirationem
2328 1686 2405 1739 ait
2454 1702 2471 1741 :
2538 1704 2557 1736 ι
2591 1684 2763 1750 Quam
2818 1693 3045 1753 angusta
3104 1695 3282 1753 porta,
3324 1700 3446 1754 quae
3502 1735 3507 1740 .

164 1764 326 1819 εἶπεν
358 1771 385 1821 6
416 1770 738 1842 Ναθαναὴλ,
772 1770 848 1833 ὡς
882 1770 1145 1824 ἀδύνατον
1185 1770 1351 1840 δῆθεν
1398 1772 1456 1822 ἐν
1494 1769 1750 1839 Ναζαρέτ

1854 1775 2008 1830 ducit
2036 1777 2101 1828 ad
2136 1776 2301 1829 vitam
2336 1774 2420 1827 ⁸³1
2458 1793 2476 1825 ι
2524 1772 2660 1826 Nam
2704 1772 2750 1828 si
2796 1771 3096 1827 dubitando
3143 1769 3449 1825 Nathanael

165 1878 216 1911 τι
249 1860 465 1927 ἀγαθὸν
495 1861 777 1929 γενέσθαι,
807 1856 877 1932 ῆν
912 1862 978 1915 ἂν
1002 1862 1207 1932 ψευδής
1252 1860 1613 1931 Ἰσραηλίττις,
1654 1859 1748 1911 καὶ

165 1952 413 2020 δολερὸς,
444 1954 541 2005 καὶ
567 1953 669 2005 ούκ
721 1953 787 2006 ἂν
828 1954 982 2022 παρά
1020 1952 1114 2006 τοῦ
1157 1952 1425 2022 ἀψευδοῦς
1481 1952 1749 2021 στόματος

164 2047 411 2098 τοιοῦτον
434 2046 644 2115 εἰλήφει
674 2046 765 2098 τὸν
800 2046 1046 2099 ἔπαινον.
1104 2064 1122 2097 ι
1172 2040 1295 2099 Εἷδε
1327 2046 1462 2115 γὰρ,
1498 2046 1683 2113 φησὶν,
1720 2043 1749 2096 6

177 2137 395 2207 Ἰησοῦς
426 2138 518 2191 τδν
547 2137 859 2208 Ναθαναὴλ
897 2139 1195 2207 ἐρχόμενον
1233 2137 1372 2208 πρὸς
1415 2136 1615 2198 αὐτὸν,
1657 2133 1749 2187 καὶ

163 2232 315 2296 λέγει
346 2232 477 2299 περὶ
510 2231 677 2283 αὐτοῦ
707 2247 722 2262 ο
758 2231 866 2285 Ἴδε
917 2230 1139 2299 ἀληθῶς
1195 2228 1562 2299 Ἰσραηλίτης,
1619 2229 1678 2279 ἐν
1706 2220 1749 2294 ᾧ

164 2324 321 2385 δόλος
344 2322 447 2374 ούκ
472 2323 641 2375 ἔστιν.
673 2340 692 2374 ι
730 2318 886 2375 Εἷδεν
935 2320 1100 2374 αὑτὸν
1146 2321 1443 2391 ἐρχόμενον
1492 2319 1599 2374 ἀπὸ
1649 2322 1749 2391 τῆς

168 2416 332 2473 σκιᾶς
364 2413 500 2483 πρὸς
560 2414 660 2481 τὴν
688 2412 966 2483 ἀλήθειαν,
999 2413 1106 2467 ἀπὸ
1127 2415 1223 2483 τῆς
1245 2413 1340 2466 τοῦ
1376 2414 1543 2482 νόμου
1577 2413 1749 2479 συκῆς

166 2506 309 2574 πρὸς
345 2504 438 2557 τὸν
470 2505 540 2557 τὰ
580 2504 758 2573 φύλλα
788 2504 889 2572 τῆς
919 2504 1151 2574 νομικῆς
1183 2505 1356 2573 συκῆς
1390 2504 1480 2556 διὰ
1511 2503 1612 2573 τὴν
1643 2502 1751 2557 τῶν

167 2600 398 2668 ἀγαθῶν
444 2601 725 2669 ἀκαρπίαν
766 2602 1102 2671 ξηράναντα,
1166 2602 1261 2654 καὶ⁸
1327 2601 1453 2655 ἰδὼν
1504 2602 1785 2670 γνήσιονρ

128 2692 262 2757 ,καὶ
312 2694 376 2743 ού
435 2692 589 2745 νόθον
640 2693 987 2762 Ἰσραηλίτην
1021 2692 1329 2761 ὠνόμασεν.
1376 2692 1595 2763 Ἐπειδὴ
1641 2692 1748 2762 γάρ

163 2783 519 2853 Ἱσραηλίτης
554 2784 709 2872 νοιῦς
743 2784 900 2852 ὀρῶν
928 2785 1036 2838 τὸν
1082 2785 1231 2841 Θεὸν
1271 2785 1641 2856 ἑρμηνεύεται
1673 2801 1687 2816 ο
1722 2788 1749 2839 6

162 2878 219 2929 δὲ
256 2877 556 2948 Ναθαναὴλ
591 2868 733 2947 μέγα
786 2879 995 2946 ἀγαθὸν
1040 2880 1320 2949 ὀνομάσας
1362 2879 1456 2933 τὸν
1485 2868 1757 2948 Χριστὸν,

163 2970 300 3023 Θεὸν
326 2968 489 3022 αὐτὸν
531 2969 926 3039 ὡμολόγησεν·
957 2971 1135 3034 οὐδεὶς
1177 2971 1287 3040 γάρ
1330 2970 1539 3038 ἀγαθὸς
1574 2973 1624 3024 εί
1673 2973 1749 3043 μὴ

162 3057 242 3123 εἷς
276 3064 304 3114 6
327 3061 462 3122 Θεός
482 3078 498 3094 ο
530 3063 759 3125 εἰκότως
788 3062 1005 3131 ἀληθῶς
1041 3063 1383 3134 Ἰσραηλίτης
1408 3063 1746 3132 ὠνόμασται,

1856 1870 1968 1922 hzec
2001 1868 2266 1929 dixisset,
2320 1865 2464 1936 quod
2519 1863 2795 1918 nimirum’
2832 1879 2862 1916 a
2919 1861 3193 1917 Nazareth
3246 1862 3448 1931 aliquid

1853 1960 1976 2014 boni
2010 1971 2116 2015 non
2162 1968 2343 2030 posset
2371 1959 2662 2023 exsistere,
2726 1956 2892 2010 falsus
2954 1955 3144 2010 fuisset
3178 1952 3445 2015 Israelita,

1852 2060 1905 2105 ct
1931 2051 2173 2115 dolosns,
2222 2066 2397 2118 neque
2426 2048 2588 2101 talem
2625 2049 2694 2101 ab
2742 2060 2838 2100 ore
2875 2044 3122 2099 veritatis
3177 2043 3447 2098 retulisset

1853 2143 2109 2196 laudem:
2153 2159 2171 2193 ι
2209 2140 2377 2205 Vidit,
2408 2140 2575 2205 enim,
2624 2141 2822 2208 inquit,
2865 2137 3027 2193 Jesus
3060 2137 3447 2191 Nathanaelem
3522 2196 3527 2201 ,

1857 2236 2168 2291 venientem
2208 2235 2274 2288 ad
2322 2250 2402 2299 se,
2444 2240 2497 2288 et
2530 2234 2605 2287 ait
2659 2233 2726 2287 de
2759 2233 2892 2287 illo:
2931 2232 3074 2287 Ecce
3106 2247 3236 2286 vere
3271 2232 3449 2287 Israe-

1853 2329 1972 2394 lita,
2022 2328 2073 2382 in
2124 2343 2233 2396 quo
2283 2327 2442 2383 dolus
2500 2342 2606 2381 non
2658 2334 2762 2381 est.
2800 2344 2819 2377 ι
2872 2326 3020 2380 Vidit
3105 2325 3284 2393 ipsum
3355 2338 3449 2379 ve-

1853 2421 2088 2474 nientem
2135 2422 2203 2472 ab
2264 2421 2451 2472 umbra
2503 2418 2570 2472 ad
2598 2416 2904 2479 veritatem,
2940 2431 2968 2469 a
3007 2416 3111 2469 iicu
3145 2415 3278 2485 legis
3309 2414 3446 2485 (7'1),

1854 2512 1923 2566 ad
1972 2526 2119 2573 eum,
2153 2510 2245 2580 qui
2301 2509 2493 2580 legalis
2536 2510 2780 2565 ficulnea:
2827 2508 2979 2573 folia,
3035 2510 3179 2578 quod
3235 2509 3449 2562 fructus
3525 2569 3535 2578 ν

1854 2620 1960 2658 non
2005 2604 2314 2658 attulissent
2346 2604 2613 2657 bonorum
2642 2616 2899 2670 operum,
2934 2600 3196 2663 arefecit;
3228 2608 3286 2654 et
3320 2616 3445 2653 cum

1854 2697 2061 2760 videns,
2080 2710 2416 2764 germanum,
2449 2710 2548 2750 nec
2574 2693 2939 2749 adulterinum
2962 2692 3257 2762 appellavit
3277 2692 3449 2745 Israe-

1854 2789 2028 2843 litam.
2065 2786 2333 2853 Quoniam
2367 2785 2513 2840 enim
2562 2784 2811 2840 lsraelita
2851 2799 2996 2837 mens
3051 2784 3214 2836 Deum
3266 2783 3448 2836 videns

1854 2881 1969 2953 (78)
2033 2878 2569 2951 interpretatur,fct
2654 2876 2948 2931 Nathanael
3018 2875 3178 2930 valde
3247 2874 3446 2928 bonum

1853 2970 2134 3025 Christum
2181 2983 2384 3023 vocans
2407 2966 2578 3019 Deum
2614 2965 2791 3034 ipsum
2833 2965 3117 3019 confessus
3148 2972 3231 3017 est
3266 2964 3447 3033 (nemo

1854 3067 2053 3135 quippe
2070 3066 2264 3127 bonus,
2297 3064 2400 3119 nisi
2425 3062 2574 3118 solus
2593 3061 2819 3127 Deus”)
2846 3076 2861 3125 ;
2896 3059 3062 3130 339
3094 3059 3290 3112 merito
3322 3072 3449 3112 vero

163 3152 237 3213 ὡς
262 3151 340 3222 μὴ
374 3153 515 3221 ἔχων
555 3152 705 3205 δόλον
735 3154 879 3217 τινὰ,
924 3154 1018 3205 καὶ
1048 3152 1366 3222 ὑπόκρισιν.
1408 3150 1497 3214 Ὠς
1527 3154 1627 3221 μὲν
1652 3152 1745 3206 οὖν

1855 3155 2102 3213 Israelita
2140 3155 2319 3210 dictus
2360 3162 2463 3219 est,
2504 3164 2562 3206 ut
2606 3153 2698 3223 qui
2755 3151 2961 3205 nullum
2997 3149 3447 3211 dolum,.nnllam

175 3247 524 3315 Ίσραηλίτης
585 3246 800 3314 ἐπέγνω
855 3248 949 3300 τὸν
983 3246 1139 3311 Θεὸν,
1198 3246 1275 3308 ὡς
1336 3247 1392 3299 δέ
1447 3247 1749 3317 Ναθαναὴλ

162 3339 338 3408 δῶρον
362 3338 651 3407 προσήχθη
676 3338 851 3407 αὐτῷ,
907 3337 1276 3409 ἑρμηνεύεται
1308 3338 1417 3407 γάρ
1446 3338 1747 3409 Ναθαναὴλ

162 3429 320 3499 δόμα
350 3430 501 3483 Θεοῦ
558 3430 750 3501 Ἀθρει
782 3430 839 3483 δὲ
875 3430 970 3483 καὶ
1003 3432 1097 3485 τοῦ
1132 3431 1429 3503 Ναθαναὴλ
1465 3432 1525 3485 τὸ
1552 3431 1745 3485 σταθε-

167 3523 279 3591 ρὸν,
327 3525 429 3574 καὶ
478 3521 818 3577 ἀθώπευτον.
869 3526 1213 3588 Ἐπαινεϐεὶς
1248 3528 1357 3600 γὰρ
1416 3528 1524 3580 οὐδ’
1566 3527 1747 3581 ὁτιοῦν

166 3614 539 3684 ἐκεχαύνωτο,
570 3614 702 3667 ἀλλά
748 3634 764 3666 ι
808 3616 977 3668 Πόθεν
1012 3635 1084 3686 με
1124 3616 1459 3686 γινώσκειςς
1491 3638 1509 3670 ι
1552 3620 1745 3687 εἰπὼν,

166 3707 529 3774 φιλοπευστεῖ
558 3724 721 3761 τινων
750 3709 1085 3781 ἀπορρήτων
1125 3712 1342 3782 μαθεῖν.
1388 3713 1499 3767 Καὶ
1532 3714 1595 3766 τὸ
1638 3731 1748 3784 ση-

167 3803 323 3870 μεῖον
352 3803 506 3870 παρά
533 3802 702 3866 πόδας
730 3804 916 3867 εὐθύς.

240 4092 258 4124 ι
299 4070 419 4141 Πρὸ
470 4070 564 4124 τοῦ
619 4088 678 4124 σε
728 4073 997 4155 Φίλιππον
1057 4076 1313 4145 φωνῆσαι
1341 4076 1475 4129 ὅντα
1516 4078 1619 4129 ὑπὸ
1648 4078 1750 4147 τὴν

165 4166 343 4233 συκῆν
373 4161 520 4217 εἶδόν
552 4181 635 4215 σε.
667 4183 684 4215 ι
715 4160 825 4217 Ἶίν
863 4165 964 4234 μὲν
996 4166 1103 4236 γάρ
1144 4169 1241 4220 καὶ
1272 4168 1376 4222 ὑπὸ
1414 4169 1590 4240 συκῆν
1624 4172 1752 4239 ἐφε-

164 4258 419 4328 ζόμενος,
469 4257 558 4309 ὅτε
620 4256 758 4327 πρὸς
801 4256 898 4310 τοῦ
955 4256 1229 4311 Φιλίππου
1271 4261 1401 4329 περὶ
1441 4259 1537 4313 τοῦ
1572 4261 1747 4331 ’1ησοῦ

164 4348 703 4419 ἐμεμυσταγώγητο.
732 4349 880 4415 Πλὴν
901 4349 983 4401 ὅτι
1003 4351 1099 4403 καὶ
1122 4351 1222 4421 τὴν
1249 4351 1345 4405 τοῦ
1378 4354 1544 4423 νόμου
1571 4352 1749 4422 συκῆν
1790 4401 1797 4407 .

1848 3248 2251 3305 simulationem
2270 3231 2514 3301 haberet.
2532 3244 2702 3314 Igitur
2726 3253 2785 3298 ut
2805 3243 3048 3297 Israelita
3076 3242 3244 3296 Deum
3273 3257 3447 3310 agno-

1850 3344 1969 3404 vit;
2017 3348 2076 3393 ut
2108 3352 2240 3393 vero
2276 3332 2582 3390 Nathaliael
2629 3336 2785 3404 quasi
2821 3337 3021 3390 donum
3067 3334 3167 3404 ipsi
3232 3334 3449 3390 oblatus

1851 3443 1957 3490 est.
1975 3430 2279 3502 Natlianael
2298 3429 2500 3499 quippe
2520 3427 2616 3483 Dei
2636 3428 2833 3483 donum
2852 3428 2964 3497 (79)
2994 3426 3286 3508 signiﬁcat.
3303 3428 3450 3481 Con-

1850 3525 2034 3581 sidera
2101 3535 2265 3592 porro
2319 3520 2544 3575 solidam
2625 3530 2679 3574 et
2758 3520 3047 3589 ingenuam
3096 3516 3447 3572 Nathanaelis

1852 3624 2111 3670 mentem.
2146 3612 2422 3667 Laudibus
2451 3612 2624 3677 enim,
2664 3625 2733 3665 ne
2772 3610 3175 3680 aliquantulum
3225 3608 3449 3678 quidem

1852 3706 2070 3762 inﬂatus
2099 3706 2315 3770 est,sed
2361 3705 2589 3759 dicens:
2644 3696 2662 3756 ἆ
2698 3704 2851 3760 Unde
2896 3720 2985 3759 me
3034 3703 3223 3758 nosti?
3256 3720 3274 3755 ι
3334 3714 3452 3758 stu-

1852 3800 2064 3855 diosum
2094 3811 2157 3852 se
2202 3811 2461 3852 arcanum
2494 3794 2699 3865 aliquid
2754 3795 3005 3851 discendi
3052 3795 3261 3864 praebet
3293 3803 3347 3849 et
3369 3796 3447 3849 si-
3495 3803 3504 3811 ‘

1853 3906 2017 3961 gnum
2048 3891 2263 3959 quidem
2290 3890 2343 3943 in
2374 3881 2806 3964 promptu'estu

1928 4085 1947 4118 ι
1987 4067 2292 4135 Antequam
2322 4065 2605 4133 Philippus
2660 4074 2881 4117 vocaret
2919 4074 2992 4129 te,
3017 4080 3139 4119 cum
3172 4079 3323 4119 esses
3351 4066 3452 4120 sub

1855 4160 1976 4225 ﬁcu,
2018 4159 2140 4213 novi
2193 4165 2267 4213 te.
2330 4176 2349 4209 ι
2384 4157 2711 4212 Considehat
2757 4172 2887 4211 sane
2936 4156 3037 4210 sub
3091 4158 3192 4209 licu
3246 4170 3366 4209 cum
3418 4171 3448 4209 a

1852 4251 2098 4320 Philippo
2145 4250 2210 4303 de
2235 4248 2363 4303 Jesu
2401 4249 2709 4303 doceretur.
2770 4248 3157 4302 Verumtamen
3214 4262 3308 4315 per
3336 4246 3449 4299 haec

1854 4346 2016 4399 etiam
2052 4343 2215 4398 verba
2250 4342 2409 4396 ficum
2461 4341 2595 4403 legis
2646 4341 3014 4407 aduyihravit,
3060 4339 3216 4408 cujus
3248 4340 3439 4392 umbra

166 4445 251 4496 διὰ
282 4443 493 4496 τούτων
516 4442 782 4513 ᾐνίττετο,
814 4438 881 4513 ἧς
912 4445 946 4513 ὴ
981 4444 1111 4497 σκιά
1142 4446 1279 4515 πρὸς
1305 4446 1403 4517 τὴν
1446 4447 1747 4517 μετουσίαν

1856 4437 1991 4491 lucis
2018 4434 2354 4490 consortium
2390 4433 2734 4501 prohibebat.
2780 4432 2935 4486 Sicut
2969 4433 3113 4486 enim
3156 4432 3241 4485 iici
3274 4431 3447 4498 stipes

162 4537 256 4588 τοῦ
294 4535 477 4605 φωτὸς
502 4506 817 4588 διεκώλυεν.
838 4506 1063 4605 ’Ὥσπερ
1086 4506 1196 4607 γὰρ
1220 4506 1319 4605 τῆς
1354 4506 1526 4609 συκῆς
1561 4538 1622 4592 τὸ
1648 4539 1746 4609 μὲν

1854 4531 2071 4602 quidem
2095 4537 2177 4583 est
2207 4536 2419 4596 gustatu
2441 4540 2680 4588 amarus,
2712 4522 2839 4578 folia
2870 4540 2997 4578 vero
3057 4536 3248 4592 aspera
3277 4528 3445 4582 tat-tu,

167 4628 421 4697 στέλεχος
447 4630 561 4679 ἐστὶ
590 4630 653 4697 τῇ
681 4626 868 4694 γεύσει
901 4628 1119 4697 πικρὸν,
1152 4628 1217 4681 τὰ
1251 4629 1307 4682 δὲ
1336 4630 1510 4697 φύλλα
1542 4632 1749 4701 τραχέα

166 4724 229 4788 τῇ
268 4722 483 4789 ἐπαφῇ,
509 4720 602 4785 ὅγε
638 4720 743 4789 μὴν
774 4720 836 4784 ἐξ
861 4720 1079 4790 ἐκείνης
1103 4722 1317 4792 καρπὸς
1337 4722 1482 4791 μάλα
1512 4723 1745 4790 γλυκὺς.

167 4810 309 4864 οὕτω
339 4810 436 4864 τοῦ
472 4812 639 4881 νόμου
672 4813 871 4881 πικραὶ
902 4814 1001 4882 μὲν
1027 4814 1084 4866 αἱ
1114 4812 1416 4883 τιμωρίαι,
1450 4812 1660 4883 τραχέα
1690 4811 1749 4864 δὲ

1856 4624 1950 4680 sed
1976 4623 2068 4692 qnl
2098 4636 2164 4676 ex
2190 4621 2297 4686 illis
2326 4618 2535 4673 fructus
2561 4617 2781 4672 exsistit
2818 4616 3107 4669 admodum
3131 4613 3326 4676 dulcis,
3360 4612 3441 4665 sic

1856 4715 2018 4770 etiam
2078 4712 2214 4782 legis
2269 4710 2481 4765 acerbae
2532 4708 2751 4778 quidem
2808 4722 3017 4776 pinum,
3072 4718 3266 4774 aspera
3314 4719 3446 4757 vero

1859 4807 2110 4861 mandata
2153 4818 2378 4872 qumque
2434 4800 2723 4856 dilIiculter
2777 4800 2985 4854 servari
3033 4806 3296 4867 possent,
3351 4797 3445 4851 sed

239 4994 286 5025 "
315 4991 463 5048 Psal.
509 5006 592 5057 ιιι,
633 4993 690 5048 2.
768 4991 814 5025 ³⁸
853 4992 1020 5048 Cant.
1051 5008 1125 5047 tv.
1158 4991 1246 5046 10.
1322 4990 1364 5021 ³*
1398 4988 1560 5043 Cant.
1592 5005 1631 5050 ι.
1669 4988 1752 5041 i0.

1852 4987 1877 5019 ³
1904 4984 2095 5039 Matth.
2125 4997 2222 5046 vtl,
2266 4980 2353 5033 l4.
2430 4980 2474 5012 "
2505 4979 2695 5033 Matth.
2728 4994 2780 5043 ι,
2823 4975 2907 5030 18⁰

1409 5101 1738 5165 Francisci
1772 5095 1986 5161 Sc'orsi
2030 5102 2217 5156 notae.

171 5216 281 5278 ἀδδς
336 5216 369 5284 ἢ
419 5213 707 5283 ὲπάγουσα
758 5218 839 5279 είς
900 5216 1001 5285 τὴν
1057 5214 1225 5285 ζωήν.
1274 5212 1375 5267 Alii
1438 5210 1606 5285 codd_._
1647 5208 1747 5285 ha-

172 5289 299 5340 hent
346 5280 451 5348 ὅτι,
485 5280 605 5355 qum
648 5288 826 5339 itidem
862 5280 1249 5355 est'partie'ula
1295 5280 1606 5355 intendendi
1636 5280 1741 5333 vim

168 5356 411 5410 eamdem
465 5350 690 5411 habens.
725 5356 783 5410 Et
835 5350 1050 5425 quidem
1110 5356 1160 5409 in
1212 5354 1401 5410 Gnaeo
1452 5350 1599 5425 nulla
1660 5360 1745 5404 est

172 5426 418 5495 apposita
483 5420 874 5495 interrogatio,
933 5438 992 5481 ut
1064 5442 1168 5481 non
1240 5427 1433 5479 mirum
1494 5420 1785 5495 videatur

172 5492 312 5551 illam
341 5498 658 5568 particulam
691 5492 788 5568 pro
816 5515 975 5566 quam
1008 5499 1294 5567 ἐπιτατικῇ
1330 5498 1397 5549 ab
1424 5496 1523 5549 hoc
1547 5492 1738 5548 Graeco

168 5569 304 5619 sumi
343 5583 358 5620 :
401 5567 518 5619 haec
543 5567 772 5622 fortaSse
808 5570 973 5623 videri
1005 5572 1173 5637 possit
1220 5568 1475 5622 minutior
1508 5568 1735 5633 diligen-

176 5640 264 5699 tia,
297 5637 395 5690 sed
431 5651 495 5689 eo
525 5637 612 5690 illa
648 5654 675 5689 a
710 5654 793 5693 me
826 5641 1084 5705 adhibita,
1114 5655 1179 5694 ne
1208 5640 1316 5702 cui,
1350 5642 1437 5706 qui
1464 5639 1561 5692 hos
1590 5638 1743 5691 locos

173 5722 275 5787 non
309 5708 381 5787 sit
411 5718 804 5787 perscrutatus.
835 5712 1063 5787 Inira_et_
1112 5712 1347 5765 absurda
1376 5712 1646 5787 videatur,
1682 5722 1739 5763 ut

172 5778 300 5838 dixi,
336 5778 449 5852 hare
482 5780 649 5831 nostri
681 5778 1026 5852 Theophanis
1053 5783 1425 5852 interpretatio
1450 5801 1463 5850 ;
1485 5793 1737 5839 caeterum

174 5847 447 5917 Sequenda
481 5847 840 5907 communior.

1924 5195 2038 5270 (77)
2084 5200 2120 5251 Α
2166 5197 2267 5270 ficu
2303 5194 2457 5270 _l_egis.
2514 5193 2660 5246 Idem
2690 5200 2922 5270 sant-tus
2949 5187 3288 5270 _Gregorius,
3341 5186 3437 5270 lib.

1852 5258 1984 5325 xvill
2020 5258 2219 5323 Morel.
2252 5258 2422 5320 :Cu'm
2454 5280 2588 5316 esses
2617 5264 2711 5315 sub
2746 5263 2872 5329 ficu,
2904 5262 2959 5313 id
2985 5271 3083 5320 est,
3116 5258 3211 5329 sub
3251 5260 3438 5329 umbra

1850 5343 1998 5411 legis.
2033 5341 2139 5411 vidi
2170 5350 2237 5396 te.
2261 5347 2315 5411 ιιι
2346 5327 2795 5411 transfqrremjd
2822 5333 2981 5385 vitam
3010 5329 3109 5381 mei
3138 5327 3436 5411 Evangelii.

1923 5398 2037 5481 (78)
2082 5409 2229 5464 Meus
2266 5405 2661 5481 Deumeideus.
2693 5401 2817 5481 Tria
2862 5409 2989 5453 sunt
3021 5398 3257 5480 nomina,
3292 5398 3436 5481 unde

1844 5467 2058 5551 Israelis
2090 5494 2279 5533 nomen
2312 5477 2573 5543 originem
2636 5475 2796 5525 trahit
2830 5488 2843 5524 :
2875 5481 2995 5529 nm
3034 5470 3129 5535 vir,
3160 5477 3256 5526 um
3306 5467 3435 5520 ridi!

1845 5548 1899 5620 et
1948 5548 2022 5624 'm
2064 5563 2356 5627 Deus,qua3
2390 5557 2548 5611 simul
2579 5554 2909 5627 signiﬁcant,
2944 5552 3086 5627 quod
3116 5551 3187 5603 ait
3224 5560 3429 5627 noster,

1847 5638 1927 5690 vir
1954 5620 2131 5689 uidens
2170 5620 2328 5684 Diei-tm
2375 5644 2393 5681 :
2441 5629 2583 5697 quod
2632 5620 2835 5681 honncn
2876 5622 3182 5691 impositum
3255 5620 3329 5672 illi
3387 5635 3416 5672 a

1849 5710 1959 5761 Deo
1995 5706 2252 5767 Gen.c:ip,
2310 5714 2442 5753 xxii.

1923 5776 2033 5845 (70)
2079 5760 2381 5828 Narliuuael
2414 5769 2599 5837 quippe
2635 5765 2726 5820 Dei
2758 5766 2973 5819 donum.
3008 5764 3053 5816 Δ
3086 5760 3299 5817 duobus
3327 5773 3422 5814 no-

1852 5862 2080 5918 minibus
2103 5870 2212 5918 nn:
2244 5858 2381 5911 dedit
2417 5855 2561 5914 et‘m
2595 5852 2730 5908 Deus
