4184 6440
739 388 841 454 891

1959 404 2463 470 THEOI‘HANIS
2504 413 2849 481 ΟΕΠΑΜΕῘ

3915 424 4026 487 892

741 512 831 577 qni
873 524 937 563 ex
966 523 1261 579 synagoga,
1287 523 1348 563 ac
1384 509 1499 579 lege
1543 519 1767 566 exortus
1805 525 1890 569 est
1938 516 2168 583 fructus,
2211 520 2324 584 ille,

2445 526 2495 578 τὰ
2536 538 3023 606 παρατηρήματα,
3074 542 3170 593 καὶ
3218 538 3574 606 δυσφύλακτα
3606 556 3619 569 ·
3654 539 3683 592 6
3730 539 3787 592 δὲ
3826 541 3890 591 ἐκ
3922 538 4024 606 τῆς

741 604 993 666 inquam,
1024 616 1089 657 ex
1126 602 1307 654 radice
1360 600 1533 666 Jesse,
1572 604 1852 672 speciosus
1895 616 1977 661 est
2007 606 2179 663 forma
2228 627 2336 680 pra:

756 693 881 746 tiliis
937 692 1238 755 hominum,
1270 702 1324 746 et
1357 694 1527 747 dulcis
1554 710 1717 763 super
1767 698 1872 750 mel
1928 706 1986 751 et
2034 698 2214 755 favum
2264 710 2333 757 ιο.

748 781 949 835 Verum
979 782 1199 853 quidam
1231 794 1337 836 tam
1366 785 1706 851 impudentes
1738 796 1886 849 sunt,
1945 798 2003 840 ut
2037 789 2121 843 his
2160 792 2337 845 verbis

744 874 1040 926 fabulosam
1086 875 1375 942 quamdam
1427 878 1792 929 narrationem
1846 875 2127 947 aliiugaut.
2173 878 2339 944 Aiunt

743 967 885 1017 enim
924 965 1335 1030 Nathanaelem,
1369 982 1493 1020 cum
1531 969 1709 1020 adhuc
1755 970 2048 1023 obvolutus
2094 971 2338 1026 fascibus

741 1070 771 1109 c
802 1058 991 1110 matris
1019 1073 1252 1111 mamma
1281 1060 1564 1125 penderet,
1603 1059 1707 1113 sub
1750 1060 1985 1129 quadam
2024 1061 2154 1127 ficu,
2183 1078 2209 1115 a
2247 1075 2339 1132 pa‘

743 1150 989 1205 rentibus
1020 1150 1375 1213 occultatum,
1399 1162 1454 1205 et
1484 1152 1629 1206 foliis
1652 1153 1769 1221 ejus
1795 1153 2010 1219 stipatis
2032 1154 2335 1237 obtectum,

751 1257 855 1308 qua
894 1243 1108 1297 scilicet
1138 1254 1460 1311 tempestate
1492 1246 1707 1315 tyranni
1741 1243 1965 1312 imperio
1989 1246 2143 1314 quasi
2172 1247 2336 1301 herba

745 1333 1158 1388 demetebautur
1187 1335 1423 1391 infantes
1450 1352 1465 1401 ;
1495 1346 1654 1405 atque
1688 1336 1759 1388 ita
1810 1339 2052 1390 evasisse
2084 1350 2332 1393 mortem.

745 1426 925 1492 Atque
954 1427 1078 1490 hoc,
1123 1427 1397 1497 inquiunt,
1456 1428 1700 1481 indicant
1755 1427 1841 1481 illa
1870 1430 2055 1491 verba,
2094 1428 2206 1483 Sub
2237 1432 2334 1483 ﬁcu

748 1516 869 1567 novi
906 1528 976 1570 te.
1016 1517 1154 1571 Sunt
1196 1530 1372 1572 autem
1415 1520 1531 1573 hzec
1566 1520 1895 1585 perridicula
1950 1520 2333 1584 deliramenta,

744 1616 798 1658 et
825 1608 1134 1674 putidarum
1168 1611 1507 1663 anicularum
1557 1610 1764 1664 fabellae
1799 1611 2064 1665 coniictze.
2099 1610 2338 1667 Herodes

742 1701 886 1752 enim
932 1715 1151 1769 pueros,
1187 1704 1279 1770 qui
1318 1704 1371 1757 in
1440 1703 1713 1757 Bethleem
1754 1704 1978 1768 finibus,
2014 1721 2119 1760 nou
2150 1706 2240 1772 qui
2275 1708 2329 1761 in

742 1788 954 1842 Galilaea
988 1802 1195 1856 essent,
1239 1793 1401 1862 jussit
1430 1796 1627 1849 occidi.
1690 1796 1889 1848 Verum
1923 1796 2010 1851 his
2045 1798 2120 1850 uti
2170 1798 2336 1851 inuti-

744 1876 884 1932 libus
911 1880 1079 1935 ramis
1103 1881 1282 1935 arbori
1313 1883 1559 1934 veritatis
1580 1883 1797 1935 adnatis
1823 1885 2010 1936 critica
2067 1887 2332 1939 sermonis
2367 1871 2406 1923 Β

744 1970 882 2023 talce
926 1974 1221 2042 amputatis
1262 2013 1278 2039 ,
1336 1973 1688 2030 Natbauaelis
1741 1975 2066 2043 theologiam
2136 1979 2332 2033 audia-

744 2073 865 2112 mus
903 2076 917 2112 ἒ

820 2244 1046 2308 «Rabbi.
1085 2257 1136 2302 tu
1171 2265 1229 2305 es
1254 2249 1421 2305 Filius
1444 2251 1685 2316 Dei,Rex
1717 2247 1898 2307 lsrael.
1927 2275 1943 2308 ι
1982 2259 2025 2311 0
2055 2258 2333 2316 caelestem

748 2335 1085 2402 Splendorcm
1127 2340 1217 2407 qui
1257 2350 1500 2394 sanctam
1541 2345 1685 2399 illius
1718 2360 1958 2405 mentem
1999 2352 2334 2419 illustravit;

745 2443 805 2487 ut
865 2431 1192 2500 profundius
1242 2432 1490 2500 aliquid,
1558 2445 1612 2489 et
1677 2436 1983 2497 Israelitica
2055 2444 2338 2499 nobilitate

745 2526 959 2595 dignius
1006 2525 1353 2593 intelligeret,
1390 2542 1554 2593 quam
1584 2534 1728 2599 quod
1772 2530 2053 2605 Philippus
2089 2537 2337 2592 testiino-

746 2622 837 2674 nio
869 2634 967 2672 suo
1005 2620 1333 2687 prodiderat.
1396 2621 1497 2677 Hic
1546 2626 1691 2677 enim
1748 2624 1941 2680 Filium
1990 2627 2336 2698 eumJoseph

748 2710 1065 2778 appellavit,
1103 2711 1195 2765 ille
1244 2728 1376 2766 vero
1404 2728 1523 2767 cum
1554 2730 1809 2779 magnum
1837 2720 2104 2783 quoddam
2138 2722 2335 2775 bomtm

747 2802 924 2865 primo
970 2810 1240 2868 vocasset,
1294 2819 1436 2858 nunc
1482 2809 1792 2873 expressius
1842 2810 2097 2875 praedicat
2143 2810 2336 2865 Filium

749 2891 862 2958 Dei,
897 2902 952 2947 et
1005 2894 1171 2947 israel
1217 2893 1445 2963 Regem,
1500 2898 1771 2967 duplicem
1812 2902 1863 2955 in
1912 2901 2132 2956 Christo
2178 2917 2337 2957 natu-

748 2998 864 3035 iam
895 2989 1208 3040 ostendens.
1239 2986 1341 3053 Qui
1369 2988 1510 3042 enim
1559 3001 1678 3044 erat
1728 3004 1917 3046 natura
1950 2993 2114 3065 340
2166 2993 2337 3051 Filius

750 3072 863 3137 Dei,
897 3076 1143 3141 accipere
1175 3092 1402 3146 regnum
1433 3095 1461 3131 a
1496 3078 1658 3133 Patre
1684 3084 2023 3150 perhibetur,
2060 3096 2114 3137 ut
2151 3085 2335 3138 homo.

749 3164 820 3217 ita
853 3166 917 3216 ad
956 3166 1229 3229 Virginem
1261 3170 1475 3223 dicente
1505 3170 1760 3229 Gabricle
1800 3193 1811 3228 :
1852 3194 1869 3227 ι
1904 3176 2059 3228 Dabit
2110 3176 2182 3228 illi
2229 3177 2335 3230 Do-

2444 627 2791 696 σοναγωγῆς,
2818 630 2911 681 καὶ
2942 631 3037 683 τοῦ
3071 632 3239 701 νόμου
3274 632 3586 703 βλαστήσας
3616 631 3828 702 καρπὸς
3860 633 3887 684 ὁ
3921 635 4024 702 τῆς

2443 712 2601 784 ῥίζης
2638 720 2863 784 Ἰεσσαὶ,
2898 722 3101 793 ὡραῖος
3134 726 3322 778 κάλλει
3362 727 3517 795 παρά
3553 726 3679 788 τοὺς
3722 725 3878 786 υἱοὺς
3913 742 4025 776 των

2440 811 2765 882 ἀνθρώπων,
2797 814 2893 869 καὶ
2950 817 3157 880 γλυκὺς
3190 819 3329 888 ὑπὲρ
3365 818 3485 886 μέλι
3520 818 3611 870 καὶ
3635 818 3852 886 κηρίον.
3879 816 4026 870 Ἀλλ’

2442 904 2541 974 ἤδη
2581 905 2723 967 τινὲς
2761 908 3018 960 τοσοῦτον
3054 910 3504 981 ἀπηρυθρίασαν,
3551 910 3624 971 ὡς
3667 912 3726 962 ὲν
3766 910 3843 978 τῷ
3873 910 4027 980 ῥητῷ

2439 999 2617 1068 τοὺτῳ
2657 999 2904 1067 μυθῶδες
2931 1002 3244 1057 ἀναπλάσαι
3280 1007 3548 1076 διήγημα.
3587 1004 3723 1056 Φασὶ
3781 1004 3891 1073 γὰρ
3932 1006 4026 1056 τὶν

2440 1089 2736 1162 Ναθαναὴλ
2761 1097 3252 1167 σπαργανούμενον
3275 1098 3375 1158 ἔτι.
3410 1099 3503 1151 καὶ
3523 1101 3588 1168 τῇ
3620 1098 3853 1169 μητρῷα
3880 1098 4019 1167 Θηλῇ

2442 1185 2857 1253 προσανέχοντα
2910 1191 3065 1260 παρὰ
3118 1189 3227 1241 τῶν
3267 1191 3544 1243 τεκόντων
3593 1191 3699 1243 ὑπό
3747 1208 3874 1244 τινα
3930 1208 4026 1242 κει

2442 1277 2685 1345 κρύφθαι
2718 1281 2910 1351 συκῆν,
2947 1286 3013 1353 τῇ
3050 1284 3160 1337 τῶν
3192 1284 3410 1353 φύλλων
3441 1283 3792 1354 καλυφθέντα
3824 1283 4026 1335 πυκνό-

2440 1388 2587 1433 ττιτι,
2632 1373 2720 1425 ὅτε
2774 1374 2884 1427 τῶν
2937 1378 3155 1442 νηπίων
3205 1378 3305 1446 τὴν
3349 1378 3517 1447 χλόην
3557 1378 3585 1429 6
3630 1376 3724 1430 τοῦ
3756 1377 4025 1445 τυράννου

2442 1463 2607 1528 νόμος
2632 1465 2870 1535 ὲθέρισε,
2899 1468 2995 1520 καὶ
3018 1467 3162 1521 οὕτω
3190 1468 3476 1538 διαδράναι
3507 1468 3598 1521 τὸν
3628 1468 3883 1522 Θάνατον,
3921 1467 4027 1520 Καὶ

2441 1554 2599 1608 τοῦτο
2637 1558 2921 1627 σημαίνει,
2966 1561 3118 1629 φασὶ,
3156 1562 3218 1613 τὸ
3269 1558 3425 1613 Εἶδόν
3464 1578 3523 1613 σε
3556 1560 3661 1613 ὑπὸ
3690 1560 3790 1629 τὴν
3828 1561 4022 1626 συκῆν.

2454 1648 2601 1699 Ἐστι
2635 1648 2691 1701 δὲ
2721 1652 2918 1722 κομιδῇ
2958 1652 3144 1719 γελοῖα
3182 1653 3250 1705 τὰ
3281 1652 3510 1705 τοιαῦτα
3546 1653 4023 1719 παραληρήματα.

2442 1741 2535 1792 καὶ
2584 1740 2773 1811 γραῶν
2833 1745 3270 1798 κατασαπεισῶν
3321 1744 3688 1814 πεπλασμένα
3740 1743 4025 1813 λογύδρια.

2452 1833 2511 1885 '0
2549 1834 2658 1902 γὶρ
2703 1834 2949 1906 Ἡρώδης
2977 1839 3104 1900 τοὺς
3134 1838 3191 1889 ὲν
3213 1840 3323 1899 τοῖς
3352 1836 3523 1907 ὁρίοις
3552 1835 3803 1905 Βηθλεὲμ
3830 1837 4026 1897 παῖδας

2440 1927 2820 1996 ἀναιρεθῆναι,
2847 1929 2909 1981 οὐ
2944 1930 3071 1992 τοὺς
3104 1931 3161 1982 ἐν
3190 1929 3453 2000 Γαλιλαία
3482 1928 3842 1999 προσέταξεν.
3864 1927 4029 1979 Ἀλλὰ

2438 2018 2610 2070 ταῦτα
2657 2015 2746 2072 οἷά
2792 2039 2947 2084 τινας
2992 2021 3171 2084 ὄζους,
3209 2022 3301 2073 καὶ
3348 2020 3715 2089 παραφυάδας
3766 2021 3877 2072 τῶν
3930 2019 4028 2086 τῆς

2440 2110 2699 2177 ἀληθείας
2729 2113 2963 2181 δένδρων
2992 2117 3057 2184 τῇ
3094 2117 3315 2184 κριτικῇ
3340 2114 3434 2167 τοῦ
3464 2114 3626 2182 λόγου
3652 2114 3902 2183 δρεπανῃ
3931 2130 4028 2166 κα-

2440 2202 2704 2269 Θάραντες
2731 2203 2826 2272 τῆς
2856 2204 2950 2257 τοῦ
2986 2205 3282 2277 Ναθαναὴλ
3326 2205 3608 2274 θεολογίας
3666 2206 4019 2274 ἀκούσωμεν.

2517 2313 2535 2345 ι
2580 2293 2793 2359 Ῥαεόὶ,
2832 2298 2896 2349 σὺ
2928 2293 2976 2349 εί
3003 2300 3031 2351 6
3064 2298 3191 2362 Υἱὸς
3215 2297 3305 2351 τοῦ
3334 2298 3491 2361 Θεοῦ,
3530 2301 3592 2351 σὺ
3628 2294 3677 2351 εἷ
3708 2300 3736 2351 6
3770 2298 4029 2368 βασιλεὺς

2438 2385 2533 2439 τοῦ
2574 2389 2815 2458 Ἰσραήλ.
2848 2410 2864 2440 ι
2905 2393 2967 2443 Ὢ
3008 2391 3162 2455 Θείας
3213 2392 3538 2461 ὲλλάμψεως
3592 2395 4029 2462 καταυγασάσης

2440 2479 2533 2532 τὸν
2565 2482 2709 2550 ἱερὸν
2738 2483 2904 2536 αὑτοῦ
2938 2485 3083 2548 νοῦν,
3115 2486 3191 2549 ὠς
3232 2487 3331 2555 τῆς
3364 2489 3458 2539 τοῦ
3492 2488 3767 2540 Φιλίππου
3818 2506 4029 2557 μαρτυο

2445 2573 2566 2641 ρίας
2596 2575 2787 2643 νοῆσαί
2842 2595 2895 2630 τι
2949 2577 3273 2650 βαθύτερον,
3324 2580 3422 2633 καὶ
3470 2582 3565 2650 τῆς
3622 2582 4033 2650 Ὶσραηλιτικίς

2441 2667 2724 2734 εὐγενείαις
2758 2670 2983 2733 ἐπάξιον
3012 2675 3025 2726 i
3064 2672 3123 2725 Ὀ
3158 2673 3258 2743 μὲν
3289 2674 3398 2744 γὰρ
3432 2672 3550 2725 υίὸν
3580 2672 3746 2725 αὑτὸν
3780 2670 3903 2723 εἷπε
3939 2671 4032 2723 τοῦ

2440 2759 2660 2831 Ἰωσὴφ,
2684 2763 2711 2814 6
2736 2760 2789 2815 δὲ
2811 2763 3075 2833 πρότερόν
3095 2782 3147 2816 τι
3166 2765 3369 2833 ἀγαθὸν
3385 2764 3689 2834 κεκληκὼς,
3711 2765 3807 2817 νῦν
3827 2766 4036 2830 ἐκφανο

2442 2855 2807 2925 τορικὼτερον
2839 2857 2968 2911 Υίδν
3004 2859 3267 2929 κηρύττει
3298 2859 3459 2919 Θεοῦ,
3506 2858 3599 2910 καὶ
3650 2858 3888 2911 Βασιλέα
3938 2860 4033 2912 τοῦ

2442 2948 2682 3019 Ἰσραὴλ,
2712 2952 2771 3004 τδ
2788 2953 2965 3006 διττὸν
2983 2954 3092 3007 τῶν
3111 2957 3199 3008 ἐπὶ
3224 2953 3464 3024 Χριστοῦ
3489 2957 3583 3009 δύο
3606 2954 3827 3022 φύσεων
3860 2956 4038 3009 ἐνδει-

2442 3041 2729 3110 κνύμενος.
2754 3046 2880 3109 Υἱὸς
2907 3047 3017 3114 γὰρ
3040 3050 3181 3101 κατὰ
3211 3049 3374 3114 φύσιν
3405 3049 3480 3102 ὢν
3511 3049 3605 3102 τοῦ
3628 3050 3790 3111 Θεοῦ,
3819 3050 3896 3112 ὡς
3936 3050 4036 3103 ἇν-

2446 3135 2660 3203 θρωπος
2677 3136 2893 3203 λέγεται
2909 3139 3095 3193 λαϐεῖν
3106 3142 3202 3211 τὴν
3223 3140 3503 3209 βασιλείαν
3521 3144 3671 3210 παρά
3686 3142 3777 3195 τοῦ
3796 3145 4036 3211 Πατρέες.

756 3208 820 3217 ..η
853 3208 917 3216 ..η
972 3208 1229 3229 ...ηπ-νη.
1261 3208 1474 3223 υιιυιιιυ
1506 3208 1760 3229 υαυιιυισ
1800 3217 1811 3228 .
1852 3208 1869 3227 ι
1904 3208 2059 3228 υιιηιι
2110 3208 2182 3228 IIII
2229 3208 2335 3230 νυ·-

756 3253 938 3307 tninus
977 3252 1116 3309 Deus
1148 3258 1330 3311 sedem
1366 3262 1532 3313 David
1569 3265 1738 3329 patris
1770 3264 1886 3334 ejus
1920 3266 1986 3318 “.
2026 3285 2044 3317 ι
2094 3263 2196 3319 Ubi
2240 3267 2335 3334 igi-

2447 3224 2601 3278 Οὕτω
2634 3228 2769 3297 πρὸς
2786 3228 2884 3297 τὴν
2906 3208 3440 3300 παρθένονεῖπόντος
3472 3233 3565 3283 τοῦ
3597 3208 3895 3302 Γαϐριὴλ-ι
3924 3208 4040 3285 Δώ-

749 3350 838 3394 tur
871 3342 1134 3401 Dominus
1166 3363 1288 3401 eum
1321 3350 1388 3404 de
1416 3352 1526 3406 Deo
1547 3353 1617 3406 ita
1640 3354 1945 3421 loquentem
1972 3358 2124 3425 vidit,
2145 3359 2211 3414 ad
2257 3358 2337 3412 al-

751 3435 885 3489 tiora
920 3438 1267 3505 intelligenda
1297 3445 1543 3498 oratione
1568 3448 1904 3503 manuducit.

841 3543 858 3576 ι
892 3525 1027 3591 Quia
1055 3527 1166 3582 dixi
1203 3530 1319 3594 tibi,
1355 3530 1469 3586 Vidi
1497 3542 1550 3589 te
1582 3536 1684 3588 sub
1740 3536 1866 3598 licu,
1911 3541 2116 3609 credis;
2166 3543 2339 3613 majus

749 3612 836 3667 his
878 3616 1123 3685 videbis;
1159 3639 1176 3672 ι
1220 3623 1415 3687 quibus
1444 3626 1622 3680 verbis
1653 3626 2098 3686 Resurrcctionis
2126 3647 2342 3703 specta-

751 3718 925 3762 torem
984 3711 1134 3765 illum
1191 3713 1429 3769 futurum
1482 3720 1768 3783 promittit.
1827 3722 2040 3779 Sciebat
2111 3728 2335 3795 quippe,

749 3800 984 3863 sciebat,
1029 3804 1118 3872 qui
1177 3804 1356 3860 futura
1410 3818 1665 3879 tanquam
1716 3815 2002 3880 praesentia
2058 3820 2337 3886 perspicit,

751 3887 1141 3946 Nathauaelem
1182 3906 1299 3961 post
1334 3898 1628 3954 salutarem
1662 3904 1831 3971 ipsius
1866 3907 2341 3965 Resurrectiouem

753 3996 855 4033 una
884 3998 1005 4035 cum
1035 3984 1317 4056 discipulis
1353 3990 1737 4046 interfuturum
1769 3996 1820 4047 in
1850 3998 1985 4051 mari
2016 3995 2339 4066 Tiberiadis,

751 4083 806 4124 et
844 4079 1099 4144 mysteria
1138 4079 1210 4133 ibi
1255 4084 1559 4149 peragenda
1602 4100 1924 4153 prunarum,
1966 4090 2120 4156 panis
2181 4102 2345 4162 atque

749 4163 1013 4229 pulmeuti
1058 4167 1294 4221 visurum
1338 4168 1446 4235 "ﬂ
1480 4185 1533 4225 et
1566 4174 1631 4225 de
1655 4176 1972 4243 signiﬁcatis
2005 4192 2097 4246 per
2128 4178 2215 4232 illa
2262 4182 2345 4234 in-

750 4262 1017 4308 structum
1043 4258 1129 4311 iri.
1163 4258 1290 4313 [deo
1322 4261 1398 4314 ait
1430 4279 1445 4316 :
1489 4280 1508 4314 ι
1543 4262 1718 4331 Maius
1746 4267 1829 4321 bis
1861 4268 2093 4323 videbis.
2130 4289 2148 4321 ι
2198 4269 2345 4325 Prte-

752 4344 895 4397 dicta
917 4346 1082 4414 igitur
1104 4364 1201 4415 per
1227 4348 1341 4404 haec
1362 4351 1527 4406 verba
1557 4353 1979 4410 Resurrectione
2001 4370 2065 4411 ex
2094 4360 2342 4424 mortuis,

753 4435 999 4505 adiungit
1027 4441 1189 4493 etiam
1221 4442 1423 4495 sensim
1455 4446 1843 4500 Ascensionem
1873 4445 1927 4500 iu
1961 4446 2161 4501 caelum
2192 4449 2341 4518 (80):

2446 3335 2525 3370 σει
2550 3320 2697 3388 αὖτῷ
2730 3321 2933 3391 Κύριος
2952 3324 2978 3371 ὁ
2995 3323 3126 3386 Θεὸς
3143 3323 3233 3374 τὸν
3253 3322 3444 3390 θρόνον
3476 3323 3640 3376 Δαὸὶδ
3688 3324 3784 3376 τοῦ
3824 3327 4041 3389 πατρὸς

2443 3412 2626 3467 αὐτοῦ.
2644 3434 2659 3462 ι
2687 3414 2816 3465 "Ore
2834 3412 2928 3467 οὖν
2952 3408 3092 3466 εἶδεν
3118 3415 3281 3466 αὑτὸν
3308 3414 3449 3467 οὕτω
3468 3413 3890 3483 Θεολογήσαντα,
3914 3419 4037 3469 τότε

2444 3505 2579 3578 πρὸς
2608 3507 2945 3577 ὑψηλοτέρας
2967 3508 3177 3571 ἑννοίας
3207 3508 3292 3560 διὰ
3329 3508 3421 3560 τοῦ
3465 3507 3626 3573 λόγου
3670 3512 4035 3577 χειραγωγεῖ.

2518 3617 2536 3649 ι
2566 3599 2690 3651 ’Ότι
2746 3593 2899 3651 εἶπόν
2964 3600 3278 3667 σοι,φησὶν,
3308 3599 3390 3652 ὅτι
3425 3595 3579 3653 Είδόν
3644 3617 3703 3652 σε
3765 3601 4039 3655 ὑποκάτω

2441 3690 2541 3759 τῆς
2565 3693 2756 3760 συκῆς,
2782 3690 3083 3754 πιστεύεις,
3119 3691 3342 3759 μείζονα
3373 3692 3575 3744 τούτων
3595 3691 3770 3759 Wst.»
3799 3693 3897 3742 Διά
3913 3693 4041 3744 τοῦ-

2444 3802 2552 3835 των
2589 3785 2928 3852 ὑπισχνεῖται
2987 3785 3182 3847 δείξειν
3218 3782 3366 3852 αὖτῷ
3390 3783 3484 3852 τὴν
3528 3783 3850 3836 ἀνάστασιν.
3876 3787 4039 3855 ’ῌδει

2444 3879 2572 3945 γαρ,
2594 3877 2711 3946 ᾔδει
2728 3876 2825 3928 ὁτδ
2847 3876 3038 3944 μέλλον
3062 3875 3277 3944 βλέπων
3293 3874 3369 3937 ὼς
3393 3874 3645 3935 ἐνεστὼς.
3670 3877 3752 3927 ὅτι
3774 3878 3915 3943 μετὰ
3940 3877 4041 3941 τὴν

2445 3968 2612 4021 αὐτοῦ
2643 3970 2913 4037 σωτήριον
2932 3967 3150 4035 ἔγερσιν
3183 3965 3461 4035 παρέσται
3488 3968 3586 4017 σὺν
3612 3968 3727 4028 τοῖς
3750 3967 4042 4034 μαθηταῖς

2447 4063 2504 4113 ὲν
2543 4063 2609 4130 τῇ
2652 4058 2902 4129 θαλάσσῃ
2926 4057 3248 4122 Τιϐεριάδος
3290 4057 3609 4127 Ναθαναὴλ,
3634 4060 3728 4110 καὶ
3744 4056 3950 4126 ὄψεται
3974 4060 4041 4111 τὰ

2448 4154 2658 4207 ἐκεῖθεν
2707 4154 3004 4222 μυστήρια,
3025 4151 3122 4222 τὴν
3160 4150 3493 4221 ἀνθρακιὰν,
3524 4153 3617 4205 τὸν
3634 4154 3823 4223 ἄρτον,
3847 4154 3948 4206 καὶ
3982 4156 4041 4205 τδ

2446 4245 2695 4315 ὀψάριον.
2716 4245 2809 4299 καὶ
2831 4244 3400 4314 μυσταγωγηθήσεται
3420 4246 3489 4299 τὰ
3505 4246 3593 4298 διὰ
3612 4246 3822 4299 τούτων
3841 4247 4045 4316 δηλού-

2452 4353 2608 4405 μενα.
2636 4334 2735 4387 Διά
2753 4334 2911 4387 τοῦτο
2934 4335 3120 4403 φησὶ,‹
3147 4334 3385 4397 Μείζονα
3406 4336 3611 4388 τούτων
3636 4337 3812 4404 ὕψει.»
3841 4339 4042 4408 "post-

2449 4428 2565 4481 πὼν
2599 4429 2653 4482 δὲ
2675 4428 2765 4482 διὰ
2784 4428 2994 4482 τούτων
3023 4428 3123 4499 τὴν
3157 4430 3222 4482 ἐκ
3253 4428 3465 4498 νεκρῶν
3499 4430 3821 4493 ἀναϐίωσιν,
3862 4450 4038 4502 προσ-

758 4544 776 4576 (
810 4529 1019 4585 Amodo
1076 4532 1331 4588 videbitis
1360 4535 1555 4590 coelum
1588 4546 1862 4606 apertum,
1892 4548 1947 4593 et
1993 4541 2214 4610 angelos
2250 4541 2339 4596 Dei

2451 4524 2665 4594 τίθησιν
2706 4523 2915 4592 ἡρέμα,
2946 4522 3043 4575 καὶ
3088 4522 3188 4588 τὴν
3219 4522 3299 4584 είς
3357 4521 3621 4590 οὐρανοὺς
3649 4524 4039 4593 ἀναφοίτησιν*

754 4620 1109 4678 ascendentes
1133 4634 1187 4679 et
1208 4626 1598 4683 descendentes
1618 4644 1780 4699 super
1801 4629 1998 4684 Filium
2032 4632 2286 4694 hominis.
2317 4653 2336 4686 ι

753 4709 1023 4774 Quoniam
1098 4716 1253 4770 illum
1336 4720 1499 4788 paulo
1554 4723 1808 4790 superius
1861 4737 2050 4777 verum
2132 4725 2346 4779 dixerat

750 4803 1076 4869 lsraelitam,
1101 4811 1296 4863 astruit
1323 4811 1558 4867 laudem.
1589 4814 1798 4868 Etenim
1828 4824 1981 4870 vetus
2004 4816 2195 4881 Israel,
2218 4832 2341 4871 cum

749 4893 992 4949 venisset
1035 4897 1089 4951 in
1129 4898 1365 4954 Charras
1399 4902 1467 4967 “,
1497 4918 1525 4956 a
1560 4903 1717 4957 rebus
1743 4920 1906 4959 sensu
1947 4907 2214 4977 perceptis
2247 4906 2344 4960 ab-

751 4990 1017 5051 stractus,
1055 4986 1155 5041 hoc
1188 4991 1329 5044 enim
1360 4993 1721 5060 patriarchatu
1761 4994 2102 5050 obdormisse
2135 4996 2343 5066 signifi-

751 5082 860 5138 Cat,
885 5085 943 5129 ut
976 5077 1099 5131 illud
1129 5099 1143 5137 :
1171 5101 1189 5134 ι
1227 5082 1336 5154 Ego
1366 5086 1595 5150 dormio,
1614 5097 1667 5139 et
1684 5101 1778 5139 cor
1807 5101 1981 5139 meum
2002 5087 2286 5154 vigilat“;
2318 5107 2337 5140 ι

754 5185 848 5237 per
896 5175 1129 5240 speciem
1189 5179 1391 5232 malam
1452 5179 1624 5245 ipsam
1688 5179 1841 5240 vidit,
1905 5194 1932 5230 a
1975 5193 2080 5247 qua
2155 5195 2345 5234 ascen-

754 5261 958 5319 debant
990 5276 1044 5322 et
1071 5268 1474 5324 descendebant
1508 5271 1683 5340 angeli
1721 5268 1831 5326 Dei.
1870 5270 2025 5337 Quod
2060 5270 2225 5340 igitur
2258 5272 2346 5326 ille

830 5424 878 5456 ⁸⁸
907 5424 1047 5479 Psal.
1076 5442 1221 5491 xm,
1255 5428 1322 5491 3;
1358 5445 1513 5494 XVIII,
1567 5429 1655 5487 Η.
1730 5429 1811 5466 υ*
1845 5428 1977 5485 Luc.
2011 5447 2048 5495 l,
2081 5432 2172 5485 51.

2249 5424 2294 5464 ⁸¹
2322 5431 2476 5487 Joan.
2510 5446 2624 5497 xxi,
2655 5430 2751 5494 10.,
2817 5433 2862 5465 δ’
2890 5435 3026 5493 Gen,
3073 5443 3266 5491 xxvtu,
3308 5427 3397 5480 ll.

2462 4616 2724 4685 ιἈπάρτι
2743 4616 2838 4683 ὀψε
2848 4615 2941 4667 σοε
2954 4614 3045 4666 τδν
3064 4613 3296 4681 οὐρανὸν
3318 4612 3596 4683 ἀνεῳγότα
3616 4614 3854 4679 καὶτοὺς
3867 4619 4039 4683 ἀτγὲ·

2450 4709 2575 4771 λους
2608 4707 2703 4759 τοῦ
2728 4706 2866 4759 Θεοῦ
2910 4706 3303 4768 ἀναὸαίνοντας
3339 4705 3435 4759 καὶ
3477 4706 3914 4771 καταϐαίνοντας
3948 4712 4043 4763 ἐπὶ

2451 4803 2542 4855 τὸν
2560 4802 2689 4854 Υίον
2712 4800 2805 4852 τοῦ
2845 4798 3159 4870 ἀνθρώπου.
3195 4818 3213 4851 ι
3238 4798 3459 4868 Ἐπειδὴ
3483 4799 3645 4851 αὑτὸν
3667 4799 3882 4852 ἀνωθεν
3908 4804 4043 4870 ἁλη-

2452 4896 2561 4958 Θὼς
2578 4894 2920 4965 Ἰσραηλίτην
2940 4893 3216 4962 ὠνόμασε,
3248 4893 3654 4956 κατασκευάζει
3672 4894 3766 4945 τὸν
3786 4893 4038 4947 ἔπαινον.

2460 4989 2522 5041 '0
2548 4987 2647 5058 μὲν
2671 4988 2779 5057 γὰρ
2804 4986 3036 5049 παλαιὸς
3058 4984 3299 5055 Ἰσραὴλ,
3318 4984 3407 5037 ὅτε
3425 4978 3561 5055 ἧκεν
3586 4986 3667 5048 είς
3686 4985 3787 5056 τὴν
3802 4987 4041 5058 Χαρρὰν

2451 5082 2746 5150 γενόμενος
2775 5080 2880 5145 ἔξω
2914 5078 3024 5132 τῶν
3054 5077 3332 5147 αίσοητῶν
3371 5093 3385 5108 ·
3415 5076 3576 5130 τοῦτο
3608 5076 3717 5147 γὰρ
3751 5078 3815 5131 τὸ
3851 5080 4040 5132 ὑπνῶ-

2454 5194 2545 5229 σαι
2577 5174 2668 5227 τὸν
2696 5174 3047 5243 πατριάρχην
3077 5174 3218 5225 νοεῖν
3243 5171 3584 5233 ὑποτίθεται,
3615 5170 3694 5231 ὡς
3723 5171 3810 5233 τὸ,
3847 5190 3867 5223 ι
3892 5173 4039 5239 Ἐγω

2453 5267 2723 5332 καθεύδω,
2754 5267 2904 5336 καὶὴ
2938 5265 3133 5338 καρδία
3162 5283 3263 5336 μου
3291 5266 3625 5335 ἀγρυπνεῖν»
3669 5264 3727 5316 tv
3757 5266 4039 5336 φαντασίᾳ

3474 5427 3518 5457 ⁵³
3544 5425 3702 5481 Cant.
3742 5441 3799 5493 v,
3840 5426 3895 5481 1.

1990 5527 2318 5592 Francisci
2361 5531 2567 5592 Scorsi
2604 5537 2794 5592 notte.

832 5621 945 5691 (80)
986 5622 1352 5680 Ascensionem
1384 5629 1437 5681 in
1466 5627 1685 5683 mlum.
1722 5627 1874 5685 Varii
1912 5640 2039 5685 sunt
2068 5630 2258 5686 Patres
2288 5640 2342 5684 et

760 5691 1091 5766 interpretes
1127 5695 1398 5766 Evangelii
1435 5701 1486 5753 in
1533 5698 1857 5764 exiilicando
1896 5704 2000 5756 hoc
2037 5702 2152 5754 loco
2184 5718 2199 5756 :
2247 5700 2338 5754 Vi-

764 5762 950 5837 debitis
982 5764 1168 5819 cretum
1200 5762 1463 5834 apirtum,
1495 5778 1544 5822 et
1571 5762 1796 5837 Angelos
1834 5771 1928 5824 Dei
1970 5773 2335 5834 ascendentes,

765 5841 816 5884 et
867 5834 1231 5892 descendentes
1289 5855 1447 5905 super
1504 5834 1702 5894 Filium
1735 5842 1995 5908 hominis;
2028 5858 2123 5899 cos
2160 5842 2336 5913 expli-

2450 5634 2606 5687 Caudi
2644 5632 2830 5686 modo;
2858 5637 3105 5684 recenset
3132 5642 3323 5682 omnes
3348 5623 3567 5680 Cornel.
3595 5639 3622 5676 a
3654 5622 3861 5691 [ραρῑιίε
3897 5626 4038 5677 inter

2448 5718 2585 5773 quos
2624 5712 2677 5756 et
2719 5704 2862 5773 hunc
2914 5701 2980 5754 de
3025 5697 3360 5773 Ascensione
3415 5695 3622 5773 (Shristi
3648 5711 3825 5773 _quem
3867 5696 4034 5749 tradat

2449 5765 2536 5826 hic
2568 5782 2769 5827 noster.
2796 5772 3035 5825 C:eteros
3060 5770 3183 5822 vide
3213 5767 3354 5836 apud
3390 5767 3614 5823 citatum
3648 5765 4031 5836 interpretem,

2453 5843 2752 5913 itidemque
2786 5842 2923 5913 apud
2962 5839 3255 5896 Maldouat.
