4184 6440
182 376 291 439 893

1561 380 1892 444 HOMILIA
1934 386 2151 446 XLIX.

3336 388 3443 451 894

178 496 282 561 τῆς
350 490 616 558 κλίμακος
652 490 865 560 ἐκείνης
923 489 1177 557 ἐγένετο,
1217 492 1310 561 ἀφ’
1345 487 1412 563 ἧς
1462 494 1744 549 ἀνέϐαινον

1879 516 1959 554 )er
2019 515 2271 555 somnum
2331 503 2724 572 contemplatus
2783 511 2904 568 est,
2962 504 3063 557 hoc
3130 501 3436 570 vigilantem

179 586 276 637 καὶ
308 583 627 635 κατέϐαινον
660 584 709 635 οἱ
736 583 971 651 ἄγγελοι
1002 588 1095 635 του
1121 584 1355 637 Θεοῦ.Ὃ
1390 583 1520 652 γοῦν
1554 587 1758 649 ἐκεῖνος

181 674 573 737 ἑνυπνιασθεὶς
605 675 890 738 ἐθεάσατο,
924 674 1082 727 τοῦτο
1126 674 1217 727 τὸν
1265 675 1563 745 Ναθαναὴλ
1611 676 1758 740 ῦπαρ

180 767 314 819 ἰδεῖν
357 765 779 832 ἐπαγγέλλεται.
853 764 996 815 Ἀλλ’
1044 765 1168 817 ἐπεὶ
1216 782 1576 818 πεπ.στευται
1632 782 1759 827 τους

178 857 453 923 ἀγγέλους
488 860 543 908 ὲν
569 857 843 924 οὐρανοῖς,
883 857 915 926 ἢ
946 856 1087 923 ὑπὲρ
1125 874 1252 919 τους
1294 870 1558 926 ούρανους
1596 854 1756 920 εἶναι,

176 948 441 1001 κάκεῖθεν
458 949 590 1015 πρὸς
626 948 717 1000 τοῦ
733 948 866 1000 Θεοῦ
900 948 1269 1017 λειτουργίας,
1300 949 1373 1011 ὡς
1404 948 1756 1018 λειτουργικὰ

181 1037 477 1105 πνεύματα
508 1040 747 1106 κατατιέ⁶
822 1037 1003 1099 ευθαι,
1036 1034 1103 1107 ἦν
1137 1038 1201 1089 ἂν
1245 1038 1376 1100 ἴσως
1402 1038 1755 1090 ἀκολουθότε-

180 1147 300 1198 ρον,
330 1129 429 1198 τὴν
461 1129 766 1183 κατάϐασιν
795 1129 1063 1198 προτάξαι
1094 1129 1196 1197 τῆς
1239 1128 1580 1192 ἀναϐάσεως.
1635 1129 1759 1192 Πῶς

178 1224 291 1289 γὰρ
344 1223 392 1273 οἱ
457 1220 533 1289 μὴ
587 1221 934 1285 καταϐάντες
993 1221 1369 1286 ἀναϐαίνοιεν;
1434 1222 1762 1290 Ἐπίστησον

180 1309 425 1363 ἐνταῦθα
456 1311 544 1362 τὸν
576 1311 838 1381 λογισμόν
868 1329 883 1343 ο
928 1310 1076 1367 ἄνιθι
1108 1313 1243 1381 πρὸς
1288 1312 1500 1375 ἑννοίας
1551 1310 1761 1380 ἰσχνὰς,

178 1401 357 1467 γνῶθι
386 1401 445 1453 τὸ
473 1403 654 1471 δόγμα
688 1404 748 1456 τὸ
778 1405 1168 1475 κεκρυμμένον
1217 1406 1276 1456 ὲν
1308 1404 1386 1474 τῷ
1416 1407 1643 1473 ῥήματι·
1672 1405 1759 1457 ὲν-

180 1491 362 1544 ταῦθα
424 1494 532 1562 γὰρ
595 1494 767 1547 πολλά
817 1496 885 1548 τὰ
919 1496 1251 1566 ζητούμενα,
1276 1495 1359 1556 τίς
1388 1494 1496 1564 ἄρα
1532 1494 1639 1546 τῶν
1668 1493 1758 1545 ού-

182 1580 393 1650 ρανίων
450 1584 637 1638 πυλῶν
713 1585 1010 1650 διάνοιξις,
1078 1586 1172 1639 καὶ
1242 1586 1409 1645 πότε,
1462 1585 1555 1637 καὶ
1641 1585 1759 1645 πῶς

1861 592 2104 647 visurum
2158 591 2547 646 Nathanaelem
2602 595 2903 662 pollicetur.
2948 594 3149 646 Venno
3183 592 3438 661 quoniam

1866 684 1969 739 ﬁde
1999 686 2263 739 creditum
2296 694 2379 740 est
2406 685 2629 756 angelos
2658 688 2710 740 in
2740 687 2899 749 caelo,
2932 687 3014 741 vel
3054 701 3217 755 supra
3244 685 3441 739 coelum

1862 789 2004 839 esse,
2035 785 2198 843 atque
2233 778 2355 833 inde
2387 787 2445 831 ιιι
2474 777 2964 832 atluunistratortos
2994 778 3221 847 spiritus
3248 778 3313 829 ad
3336 775 3440 828 mi-

1870 868 2093 921 nisteria
2125 868 2304 921 d:viua
2338 870 2545 923 demitti
2576 868 2645 932 “,
2678 877 3096 922 consentaneum
3129 868 3305 921 fuerat
3332 864 3445 920 {or-

1866 968 2006 1012 tasse
2053 959 2223 1027 magis
2267 960 2674 1014 descensionem
2729 958 3035 1015 ascensnoui
3103 971 3438 1027 praeponere.

1865 1026 2157 1115 Quomodo,
2178 1052 2321 1105 enim
2358 1054 2654 1106 ascendant
2676 1093 2690 1114 ,
2735 1053 2829 1122 qui
2864 1068 2969 1105 non
3002 1026 3445 1105 descenderunt?

1866 1139 2087 1194 Intende
2136 1140 2205 1194 ad
2240 1142 2352 1194 haec
2381 1149 2639 1204 mentem,
2670 1150 2831 1208 atque
2863 1142 2929 1194 ad
2964 1139 3277 1196 subtiliores
3322 1124 3446 1192 sen-

1869 1244 1963 1285 sus
1991 1243 2238 1295 assurge,
2270 1231 2486 1298 percipe
2534 1232 2586 1284 in
2628 1230 2713 1285 bis
2749 1231 2927 1283 verbis
2954 1231 3143 1296 dogma
3192 1228 3446 1283 recondi-

1874 1328 2013 1374 tum.
2079 1318 2241 1373 Multa
2292 1320 2434 1372 enim
2481 1320 2569 1374 hic
2618 1319 2906 1391 quaerenda
2945 1335 2959 1372 :
3013 1317 3149 1384 Quid
3185 1318 3285 1371 sibi
3322 1318 3448 1370 vclit

1868 1408 2118 1462 caelestes
2167 1409 2366 1475 aperiri
2425 1418 2645 1476 portas;
2698 1418 2751 1462 et
2803 1408 3043 1477 quando,
3092 1416 3148 1460 et
3179 1406 3448 1475 quomodo

1874 1496 1977 1550 illae
2007 1496 2314 1551 hominibus
2351 1497 2553 1550 fuerint
2580 1496 2884 1550 obseratae?
2934 1497 3001 1551 Et
3046 1510 3216 1565 quare
3266 1492 3449 1545 Domi-

1871 1603 1991 1653 nus,
2010 1588 2172 1643 simul
2200 1603 2264 1643 ac
2296 1603 2515 1641 carnem
2552 1588 2869 1656 assumpsit,
2898 1601 2993 1640 eas
3015 1602 3118 1640 non
3146 1586 3405 1641 reseravit
3427 1584 3453 1638 2

181 1678 301 1737 τοῖς
363 1660 672 1742 ἀνθρώποις
737 1678 1134 1747 ἐκλείσθησαν,
1198 1678 1295 1732 καὶ⁵
1345 1676 1441 1766 ista
1503 1677 1557 1729 τί
1638 1679 1667 1730 ὁ
1738 1676 1927 1750 Σωτὴρ
1985 1680 2414 1751 ὲνανθρωπήσας
2473 1681 2574 1734 οὐκ
2638 1678 2800 1743 εὐθὺς
2853 1680 3125 1750 ἐνήργησε
3182 1679 3280 1749 τὴν
3329 1676 3452 1729 τού⁴

183 1785 291 1820 των
350 1768 630 1835 διάνοιξιν.

257 1863 450 1931 Φαμὲν
479 1858 597 1929 οὖν,
626 1865 701 1928 ὡς
738 1866 1013 1936 ἀνεῷχθαι
1044 1867 1195 1934 λέγει
1227 1867 1353 1928 τοὺς
1387 1867 1657 1937 οὐρανοὺς
1682 1866 1769 1919 διά

1943 1869 2252 1923 Asserimns
2301 1868 2465 1939 igitur
2513 1867 2709 1923 etelttm
2761 1868 2864 1922 dici
2914 1872 3182 1935 apertum,
3218 1878 3283 1918 eo
3310 1864 3452 1931 quod

188 1956 285 2019 τὴν
317 1958 415 2008 ἀνε
428 1957 721 2009 απόδιστον
757 1959 865 2009 τῶν
900 1959 1207 2028 ἀνθρωπων
1241 1961 1377 2030 πρὸς
1405 1960 1540 2012 Θεὸν
1560 1959 1766 2026 ἄνοδον,

190 2048 255 2116 ἢν
285 2048 523 2117 Χριστὸς
555 2052 685 2119 ἡμῖν
710 2050 1021 2119 ἐχαρίσατο,
1051 2056 1132 2114 εις
1157 2053 1421 2123 οὐρανοὺς
1480 2051 1768 2121 ἀνυψώσας

188 2140 247 2192 τὸ
271 2140 546 2210 ἡμέτερον
577 2142 807 2212 φύραμα
864 2144 935 2197 Ἣ
960 2144 1066 2214 γὰρ
1100 2144 1198 2212 τῆς
1237 2144 1512 2214 ἁμαρτίας
1544 2144 1774 2215 παρείσ-

188 2234 335 2295 δυσις
408 2229 519 2291 οἷον
593 2235 847 2303 φραγμός
908 2252 967 2288 τε
1045 2237 1141 2288 καὶ
1199 2236 1514 2305 μεσότειχον
1569 2234 1773 2303 μεταξὺ

189 2325 350 2387 Θεοῦ,
399 2326 496 2380 καὶ
538 2326 849 2397 ἀνθρωπων
909 2328 1149 2394 ἐγένετο.
1217 2327 1281 2379 ‘0
1334 2327 1397 2391 δὴ
1435 2326 1702 2396 περιῆρεν
1748 2326 1776 2377 ὁ

196 2417 407 2484 Κύριος
472 2417 591 2480 ἁδὺς
645 2419 779 2486 ἡμῖν
831 2418 1181 2488 χρηματίσας
1240 2417 1340 2485 τῆς
1389 2418 1470 2479 εἰς
1513 2417 1778 2484 οὐρανοὺς

191 2506 546 2572 ἀναϐάσεως,
598 2507 762 2569 εὐθὺς
796 2509 895 2577 μὲν
924 2509 1017 2560 διὰ
1046 2509 1147 2577 τῆς
1190 2508 1436 2571 ὲνώσεως
1469 2508 1679 2569 θεώσας
1718 2507 1780 2559 τὸ

197 2598 569 2667 πρόσλημμα,
611 2598 916 2668 παρασχὼν
948 2599 1004 2651 δὲ
1051 2600 1148 2668 τὴν
1199 2600 1503 2652 ἀθανασίαν
1541 2599 1630 2650 διὰ
1679 2598 1781 2666 τῆς

194 2687 598 2752 ’Δ-ιαστάσεως,
628 2690 716 2741 διὰ
736 2691 792 2742 δὲ
822 2691 917 2758 τῆς
948 2690 1267 2759 ἀναλήψεως
1288 2690 1388 2757 τῆς
1410 2689 1619 2752 τελείας
1644 2690 1782 2759 πρὸς

197 2780 291 2832 τὸν
325 2780 551 2850 Πατέρα
586 2780 936 2848 καταλλαγῆς
970 2781 1214 2845 ἀξιώσας
1251 2782 1397 2851 ἡμᾶς
1442 2782 1508 2849 ἥν
1555 2781 1781 2833 ἐκάλεσε

198 2873 469 2937 διάνοιξιν
514 2872 767 2941 οὐρανῶν
790 2887 804 2900 ⁸
834 2872 923 2924 διὰ
961 2872 1017 2925 δὲ
1050 2871 1145 2925 τοῦ
1183 2873 1451 2943 προτάξαι
1504 2872 1605 2940 τὴν
1652 2872 1779 2926 ἀνά.

201 2960 366 3013 ϐασιν
420 2977 531 3011 των
580 2960 829 3026 ἀγγέλων
876 2959 975 3028 τῆς
1027 2959 1389 3021 καταϐάσεως
1447 2957 1669 3023 ἔδειξεν,
1709 2958 1785 3019 ὡς

198 3057 257 3106 ού
304 3055 515 3115 πάσαις
567 3055 685 3114 ταῖς
739 3052 1067 3120 ἀγγελικαῖς
1104 3052 1402 3121 δυνάμεσιν
1433 3052 1677 3119 ἔγνωστο
1726 3050 1785 3102 τὸ

197 3149 299 3215 τῆς
342 3146 661 3213 οἰκονομίας
715 3147 1051 3215 μυστήριον,
1086 3146 1223 3199 ἀλλὰ
1276 3146 1457 3213 μόνοις
1502 3148 1613 3208 τοῖς
1650 3144 1785 3214 πρὸς

195 3238 353 3291 τοῦτο
372 3237 877 3306 ύπηρετήσασιν.υἳ
902 3238 968 3307 δὴ
997 3239 1092 3290 καὶ
1112 3240 1168 3288 ἐν
1192 3240 1258 3307 τῇ
1284 3237 1550 3307 ἀναλήψει
1578 3238 1783 3291 ἀνιόντι

197 3329 353 3400 αὐτῷ
416 3329 966 3395 συνανέϐαινονητάς
1022 3329 1311 3398 οὐρανίους
1372 3329 1546 3391 πύλας
1609 3330 1785 3399 αἴρειν

199 3423 563 3484 κελεύοντες·
600 3416 681 3491 οἷς
725 3422 782 3475 δὲ
830 3422 1193 3491 ἀπερινόητον
1239 3418 1308 3491 ἦν
1354 3421 1415 3473 τὸ
1461 3422 1780 3491 μυστήριον,

194 3511 343 3568 οὗτοι
378 3514 835 3575 χαταϐκίνοντες,
899 3533 917 3564 ι
954 3514 1048 3575 Τίς
1083 3507 1244 3578 οὗτος
1294 3516 1321 3566 ὁ
1369 3514 1628 3575 Βασιλεὺς
1685 3516 1783 3583 τῆς

195 3607 378 3669 axem,
414 3624 432 3655 ι
486 3605 870 3657 ἐπυνθάνοντο.
920 3604 1274 3673 ’Υψηλοτέρῳ
1322 3604 1377 3656 δὲ
1424 3604 1611 3673 τρόπῳ
1655 3605 1784 3656 ἀναν

196 3697 480 3749 ϐαίνουσιν
518 3698 567 3746 οἱ
613 3696 833 3762 ἄγγελοι
865 3698 982 3757 ταῖς
1016 3696 1127 3748 ἀνω
1163 3696 1419 3765 θεωρίαις
1475 3712 1784 3764 καταστρα-

198 3790 465 3857 πτὸμενοι
504 3787 639 3857 πρὸς
687 3789 748 3839 τὸ
800 3789 935 3855 ὕψος
984 3789 1083 3857 τῆς
1134 3788 1289 3851 θείας
1342 3790 1632 3858 περιωπῆς
1683 3790 1783 3858 τῆς

198 3884 491 3954 τριαδικῆς
518 3883 767 3943 ἑνώσεως
790 3885 881 3933 κα).
910 3884 1040 3951 μιᾶς
1070 3882 1247 3951 ἀρχῆς
1264 3897 1281 3912 ⁸
1308 3881 1783 3961 ἀνθυποφέρονται

196 3976 251 4026 δὲ
295 3973 725 4036 καταϐαίνοντες
752 3976 889 4043 πρὸς
940 3973 1000 4025 τὸ
1046 3972 1211 4041 βάθος
1243 3972 1344 4041 τῆς
1392 3974 1635 4044 ἀρρήτου
1688 3973 1780 4026 τοῦ

198 4067 365 4133 λόγου
418 4065 755 4134 σαρκώσεως
786 4106 802 4130 ,
854 4064 951 4117 ἕνα
1001 4066 1068 4132 τῇ
1118 4065 1417 4118 ὑποστάσει
1477 4065 1568 4117 τὸν
1620 4064 1782 4117 αὑτὸν

201 4157 441 4227 ὁρῶντες
464 4157 607 4221 μετὰ
638 4155 735 4224 τὴν
757 4156 977 4209 ἕνωσιν.
1010 4155 1319 4219 Μανθάνεις
1360 4156 1469 4227 γάρ
1509 4157 1780 4222 ἐντεῦθεν,

204 4248 277 4310 ὡς
309 4247 433 4299 ούίὲ
463 4246 686 4314 ἄγγελοι
721 4247 976 4301 δύνανται
999 4248 1339 4301 καταλαϐεῖν
1370 4249 1467 4317 τῆς
1495 4248 1647 4312 θειάς
1680 4248 1783 4317 φύ-

206 4355 345 4399 σεως
376 4337 439 4388 τὸ
473 4337 797 4407 μυστήριον,
825 4338 962 4392 ἀλλά
996 4340 1090 4392 καὶ
1112 4334 1257 4394 οὗτοι
1289 4341 1645 4393 ἀναϐαίνουσι
1684 4339 1784 4410 μὲν

198 4422 286 4480 οἷα
319 4428 442 4487 νόες
471 4427 811 4497 ὑψηλότερον
841 4430 939 4498 τῆς
969 4429 1323 4499 ἀνθρωπίνης
1356 4429 1647 4491 ἀσθενείας
1685 4445 1785 4482 xa-

1871 1959 2152 2027 expeditus
2203 1959 2274 2012 sit
2322 1958 2630 2013 hominibus
2660 1972 2927 2012 ascensus
2960 1956 3027 2009 ad
3085 1955 3273 2017 Deum,
3310 1952 3451 2021 quod

1873 2064 2002 2104 Sane
2030 2050 2183 2104 nobis
2215 2052 2387 2117 gratia
2420 2049 2618 2103 Christi
2652 2049 2837 2103 datum
2867 2056 2949 2102 est
2976 2061 3101 2100 cum
3142 2045 3322 2098 carnis
3352 2058 3449 2096 no-

1874 2150 2001 2194 strte
2028 2156 2260 2195 massam
2317 2141 2433 2209 (81)
2489 2139 2720 2194 elevavit
2780 2139 2831 2192 in
2883 2137 3101 2192 malum.
3157 2134 3455 2190 lnsinuatio

1874 2233 2073 2302 quippe
2096 2242 2301 2300 peccati
2321 2232 2479 2285 veluti
2497 2246 2679 2300 sepem
2698 2239 2750 2285 et
2774 2232 3006 2283 medium
3036 2228 3331 2299 quemdam
3365 2241 3457 2294 pa-

1879 2324 2073 2377 ria-tem
2101 2332 2433 2392 opposuerat
2476 2323 2619 2375 inter
2640 2321 2828 2384 Deum,
2859 2330 2913 2374 et
2944 2320 3237 2375 hominem.
3272 2318 3445 2384 Quem

1876 2416 2035 2487 341
2075 2432 2205 2472 sane
2239 2417 2441 2471 amovit
2492 2416 2774 2481 Dotiiinus,
2812 2419 3061 2483 viamque
3111 2428 3173 2468 se
3223 2411 3456 2481 praebuit

1883 2510 2037 2562 nobis
2059 2508 2386 2562 ascendendi
2410 2510 2462 2562 in
2482 2509 2698 2572 (telum,
2726 2507 2910 2561 statim
2932 2507 3146 2573 quidem
3169 2520 3233 2559 ac
3252 2516 3458 2557 assum-

1884 2610 2028 2669 ptam
2048 2616 2265 2655 carnem
2285 2617 2381 2668 per
2400 2602 2653 2656 unionem
2668 2602 2937 2656 deiﬂcavit
2956 2600 3067 2669 (82)
3086 2616 3102 2664 ;
3119 2601 3211 2651 sed
3235 2599 3460 2649 immor-

1883 2689 2143 2743 talitatem
2179 2706 2272 2755 per
2303 2690 2805 2757 Resurreetionem,
2850 2692 3261 2762 perfectamque
3323 2700 3450 2740 cum

1884 2780 2046 2836 Patre
2092 2782 2594 2836 reconciliationem
2675 2798 2771 2848 per
2848 2783 3235 2837 Ascensiouem
3300 2778 3458 2832 nobis

1887 2874 2147 2943 impertiit
2195 2891 2211 2933 ;
2259 2889 2421 2943 quam
2478 2889 2611 2928 sane
2659 2875 2995 2943 apertionem
3042 2872 3167 2927 caeli
3222 2870 3456 2925 vocavit.

1886 2965 2040 3031 Quod
2076 2980 2205 3020 vero
2229 2966 2547 3035 angelorum
2573 2967 2855 3021 descensui
2886 2964 3144 3033 praemisit
3169 2962 3459 3016 Ascensiu—

1888 3074 2034 3121 nem,
2057 3059 2293 3111 ostendit
2316 3073 2420 3111 non
2460 3059 2715 3112 omnibus
2747 3057 3005 3127 angelicis
3027 3054 3139 3124 ‘85)
3165 3053 3459 3107 virtutibus

1892 3148 2087 3202 divinae
2115 3148 2538 3217 dispensationis
2567 3149 2885 3218 mysterium
2923 3158 3106 3201 notum
3142 3146 3331 3205 fuisse,
3364 3142 3458 3195 sed

1890 3240 1956 3293 iis
1984 3239 2179 3300 solum,
2210 3241 2300 3307 qui
2342 3238 2409 3291 ad
2439 3238 2545 3291 hoc
2584 3238 3013 3292 subservierunt.
3062 3234 3162 3300 Qui
3215 3231 3458 3301 profectu

1887 3329 1939 3382 iu
1964 3328 2299 3382 Ascensione
2326 3327 2485 3400 simul
2519 3344 2639 3380 cum
2676 3328 2792 3395 ipso
2835 3328 2888 3401 in
2926 3325 3121 3379 cmlum
3152 3331 3457 3375 revertente

1887 3421 2277 3483 ascendebant,
2307 3421 2563 3475 caelestes
2600 3431 2783 3489 portas
2820 3406 2929 3473 tolli
2950 3419 3233 3487 iubentes;
3262 3415 3459 3484 quibus

1887 3526 2017 3566 vero
2043 3512 2358 3581 mysterium
2390 3522 2509 3567 erat
2541 3504 2807 3581 igudtum,
2829 3512 2882 3565 hi
2912 3527 3039 3565 sane
3063 3510 3457 3564 descendentes

1886 3603 2297 3672 interrogabant
2334 3622 2347 3659 :
2401 3624 2419 3656 ι
2458 3604 2594 3669 Quis
2646 3615 2731 3658 est
2782 3605 2884 3659 iste
2936 3602 3076 3657 Rer-
3115 3602 3297 3669 gloriae
3315 3599 3395 3653 “1'
3430 3616 3449 3649 ι

1884 3696 2095 3750 Altiore
2133 3711 2264 3750 vero
2304 3711 2468 3751 sensu
2502 3696 2806 3750 ascendunt
2830 3694 3004 3764 angeli
3041 3694 3296 3761 supernis
3326 3708 3459 3746 con-

1887 3788 2329 3857 templatiunihus
2399 3788 2656 3841 illustrati
2733 3789 2798 3840 ad
2861 3787 3058 3841 divina:
3113 3783 3459 3840 celsitudinis

1885 3880 2093 3949 apicem
2141 3878 2276 3949 (84),
2326 3880 2428 3932 hoc
2476 3886 2558 3932 est
2617 3878 3014 3947 singularitatis
3065 3878 3115 3931 in
3167 3874 3457 3939 Triuitate,

1886 3971 2158 4038 uniusque
2193 3970 2471 4039 principii.
2497 3970 2878 4038 Subjieiuntur
2911 3983 3040 4022 vero
3069 3966 3461 4021 descendentes

1886 4064 1952 4115 ad
1996 4062 2323 4131 profundum
2376 4062 2667 4116 iuellabilis
2723 4060 2881 4117 Verbi
2922 4059 3322 4116 [incarnationis
3348 4072 3463 4128 my-

1885 4156 2162 4220 sterium,
2227 4170 2349 4208 cum
2411 4155 2560 4207 illum
2618 4156 2793 4223 ipsum
2844 4164 2967 4221 post
3021 4152 3459 4221 conjunctionem

1887 4262 2058 4299 unum
2098 4246 2381 4315 hypostasi
2414 4247 2612 4301 vident.
2669 4247 2844 4302 Discis
2880 4247 3041 4301 etiam
3088 4246 3236 4309 hinc,
3288 4255 3464 4311 neque

1886 4338 2108 4407 angelos
2142 4338 2338 4393 divina:
2394 4347 2602 4393 naturae
2636 4344 2956 4410 mysterium
3014 4354 3173 4408 posse
3212 4349 3462 4401 compre-

1887 4427 2127 4481 heudere
2148 4467 2164 4493 ,
2197 4429 2291 4482 sed
2326 4430 2427 4483 hos
2476 4439 2660 4497 utpote
2696 4444 2858 4498 puras
2895 4440 3104 4482 mentes
3135 4428 3297 4481 altius
3330 4439 3464 4479 sane

197 4518 668 4587 ταλαμϐάνοντες,
706 4521 1103 4573 καταϐαίνουσι
1128 4520 1186 4573 δὲ
1209 4521 1303 4573 καὶ
1326 4521 1481 4573 αὐτοὶ
1507 4520 1646 4589 πρὸς
1686 4520 1774 4572 τὸν

1887 4534 2047 4590 quam
2084 4520 2323 4572 humana
2368 4519 2713 4573 imbecillitas
2749 4521 2940 4589 possit,
2974 4518 3272 4572 ascendere
3304 4532 3318 4569 :
3368 4515 3466 4568 de-

199 4610 589 4680 ἀκατάληπτον
629 4612 835 4681 φθάσαι
888 4612 964 4682 μὴ
1014 4612 1380 4681 ὲξισχύοντες.
1431 4613 1617 4666 Ταῦτα
1681 4617 1780 4686 μὲν

200 4706 349 4773 ἡμᾶς
368 4706 444 4757 ’τὸ
476 4705 622 4776 ἱερὸν
650 4705 1128 4777 ἐμυσταγώγησεν
1161 4706 1515 4775 Εὐαγγέλιον.

273 4973 319 5004 ⁵⁸
354 4971 522 5027 Hebr.
558 4987 601 5037 ι,
634 4972 724 5030 Η.
801 4973 845 5007 ⁵⁸
867 4972 1013 5029 Psal.
1046 4990 1204 5042 um,
1236 4977 1324 5031 l0.

1887 4613 2147 4665 seendere
2180 4626 2307 4664 vero
2352 4614 2515 4665 etiam
2560 4612 2729 4680 ipsos,
2770 4628 2892 4665 Clllll
2928 4612 2993 4664 ad
3047 4607 3465 4676 incomprehen-

1890 4706 2103 4759 sibilem
2141 4708 2426 4772 pervenire
2458 4721 2563 4759 non
2600 4706 2837 4760 valeant.
2881 4708 2959 4761 Ae
2997 4706 3063 4761 de
3105 4706 3192 4760 his
3239 4703 3463 4772 quidem

1896 4813 1997 4852 nos
2035 4814 2253 4853 sacrum
2295 4800 2649 4868 Evangelium
2681 4801 2897 4856 edocet.

1433 5070 1759 5162 Francisci
1796 5073 2007 5135 Scorsi
2043 5082 2230 5137 nota).

295 5191 388 5251 8|)
432 5187 625 5242 Carnis
652 5198 847 5243 nostra:
874 5205 1119 5245 mussant.
1147 5190 1221 5245 lla
1254 5190 1467 5247 loculus
1495 5192 1581 5246 hic
1606 5191 1768 5248 Pater

205 5261 350 5315 hom.
384 5261 454 5315 38
484 5271 536 5311 et
569 5259 658 5323 59,
688 5259 753 5311 ad
784 5276 916 5328 quas
949 5261 1067 5312 vide
1099 5274 1254 5313 uetas
1291 5261 1359 5315 88
1381 5269 1437 5316 et
1470 5262 1557 5316 N.

294 5331 387 5393 82)
437 5329 539 5382 Per
570 5331 812 5381 unionem
854 5329 1135 5395 deiﬁcavit.
1167 5330 1390 5393 Θεωσας
1418 5332 1495 5385 ait
1529 5332 1772 5397 Grtecus,

208 5416 313 5467 quo
351 5416 493 5467 vet-oi
525 5414 686 5451 sensu
720 5399 841 5453 vide
870 5401 934 5452 ad
975 5400 1121 5453 hom.
1151 5400 1253 5463 36,
1296 5412 1407 5453 not.
1444 5401 1535 5457 65.

278 5472 397 5541 (85)
441 5466 566 5541 Non
595 5469 831 5541 omnibus
862 5468 1111 5541 angeljcis
1147 5470 1447 5525 virtutibus.
1483 5471 1557 5526 De
1588 5473 1687 5527 hac
1719 5488 1777 5527 re

206 5539 419 5611 longius
450 5540 673 5613 disserit
703 5540 840 5613 idem
879 5542 963 5592 hic
994 5539 1179 5613 Pater,
1216 5542 1362 5613 hum.
1399 5542 1493 5606 59,
1548 5558 1668 5613 quin
1695 5551 1778 5597 est

205 5618 265 5668 de
295 5607 634 5675 Escensione,
668 5607 733 5661 ad
764 5624 922 5674 quam
957 5612 1078 5662 vide
1110 5620 1220 5662 not.
1256 5610 1346 5665 55.

273 5681 389 5748 (84)
433 5678 515 5748 Ad
561 5678 752 5748 divina
787 5680 1123 5748 celsitudinis
1174 5682 1396 5747 apicem.
1448 5690 1634 5738 brwce
1692 5693 1777 5737 est

210 5746 349 5819 lip‘u;
373 5746 453 5801 τὸ
479 5746 617 5815 ὕψος
644 5747 746 5816 τῆς
777 5747 925 5811 θείας
950 5746 1258 5819 περιωπῆς.
1308 5751 1372 5805 Ει
1421 5767 1550 5806 sane
1579 5769 1773 5807 nomen

210 5820 469 5892 περιωπή
504 5820 721 5890 proprie
756 5820 1052 5890 speculam,
1079 5829 1133 5874 et
1172 5820 1349 5876 locum
1383 5823 1771 5879 editisssimum

1877 5198 2018 5249 umle
2070 5197 2409 5265 circumspiei
2454 5198 2505 5253 in
2532 5212 2724 5254 omnes
2751 5198 2955 5267 plagas,
3001 5205 3055 5252 et
3098 5194 3268 5267 longe
3338 5194 3473 5263 capi

1888 5278 2208 5338 prospectus
2252 5269 2442 5338 possit,
2490 5265 2763 5338 signiﬁcat
2795 5286 2809 5322 :
2844 5265 2937 5323 sed
2989 5265 3255 5338 explicavi
3288 5276 3465 5319 meta-

1889 5335 2137 5403 phoram,
2174 5335 2295 5392 cum
2344 5340 2477 5391 verti
2530 5335 2775 5404 dpicem;
2814 5340 3110 5407 potuissem
3165 5335 3320 5407 euim_
3351 5351 3469 5407 spe:

1888 5402 2084 5468 Culam,
2110 5408 2152 5461 si
2191 5409 2340 5461 verbi
2375 5402 2580 5463 sonum
2598 5402 2892 5462 voluissem
2924 5408 3251 5475 exprimere.
3288 5402 3475 5457 Simili

1890 5477 2206 5545 metaphora
2234 5481 2286 5532 in
2324 5494 2381 5532 re
2412 5481 2616 5546 dispari
2646 5494 2775 5531 usus
2801 5474 3168 5548 Theophanes
3188 5474 3465 5548 Nisae-nus,

1888 5542 2053 5614 epist.
2082 5548 2137 5610 5,
2174 5550 2268 5601 ubi
2304 5542 2537 5617 loquitur
2587 5550 2650 5601 de
2673 5550 2933 5616 dignitate
2956 5542 3327 5617 sacerdotis:
3374 5545 3465 5617 Εζς

1886 5612 2143 5686 τοιαύτην
2173 5612 2489 5695 περιωπήν,
2516 5620 2611 5672 καὶ
2644 5612 2805 5695 saga»
2825 5619 3151 5695 ἀνείκαστον
3168 5630 3193 5695 ⁸.
3223 5614 3303 5664 Ad
3357 5612 3475 5695 tals

1889 5683 2180 5759 (acumen,
2244 5683 2291 5742 et
2356 5683 2818 5757 incomparabilem
2871 5689 3117 5759 gloriam.
3178 5683 3258 5737 lla
3304 5683 3476 5738 vertis

1885 5758 2104 5813 Consal.
2143 5758 2341 5816 l’once.
