4184 6440
718 399 827 461 895

1920 401 2410 464 THEOPIIANIS
2451 402 2791 463 CERAMEE

3889 398 3999 461 896

793 516 898 569 Vos
932 529 1083 577 vero,
1116 514 1421 570 eharissimi
1443 553 1458 578 ,
1494 522 1760 583 quatquot
1796 515 1863 569 ad
1903 515 2130 585 apostoli
2162 524 2300 568 teni-

2502 513 2691 583 Ὑμεῖς
2721 514 2802 576 δὲ,
2837 513 3134 582 ἀγαπητοὶ,
3180 512 3297 565 ὅσοι
3330 511 3468 581 πρὸς
3514 512 3575 565 τὸ
3631 513 3997 565 ἀποστολικδν

716 607 887 673 plum.
907 605 1210 659 celebrandi
1234 605 1349 658 fusti
1372 619 1537 657 causa
1562 606 1912 670 convenistis,
1939 622 2027 671 ne,
2049 606 2299 671 obsecro,

732 697 954 766 crapula
991 706 1042 747 et
1074 696 1341 749 ebrietate
1367 735 1382 760 ,
1420 706 1474 749 et
1508 696 1811 751 inhonestis
1844 698 2061 751 choreis
2104 700 2305 753 sancti-

725 794 893 837 tatem
927 784 1029 835 diei
1058 783 1261 835 vitietis
1286 802 1302 839 :
1336 783 1427 836 sed
1458 799 1562 852 qua
1598 787 1803 839 ratione
1829 784 1959 852 Deo,
1980 796 2033 841 et
2062 788 2306 855 apostolo

733 874 881 926 cordi
931 883 1033 934 est,
1086 873 1155 925 ita
1190 874 1525 928 celebremus
1561 874 1780 928 festum.
1815 876 1909 931 Vis
1940 878 2049 931 Deo
2098 890 2304 947 gratam

734 980 893 1033 agere
958 966 1382 1019 celebritatem?
1431 969 1716 1037 ingredere
1765 984 1979 1023 sacrum
2025 971 2304 1038 templum,

730 1058 929 1111 accede
965 1057 1030 1110 ad
1065 1058 1290 1126 apostoli
1340 1059 1735 1127 simulacrum,
1784 1070 1839 1115 et
1873 1075 1993 1113 cum
2033 1077 2095 1115 eo
2143 1063 2306 1118 veluti

737 1163 860 1200 cum
894 1148 1136 1202 animato
1189 1148 1520 1217 colloquere.
1557 1149 1612 1204 Si
1645 1165 1805 1219 prava
1850 1151 2029 1221 aliqua
2072 1168 2307 1207 consue-

736 1240 923 1297 tudine
992 1245 1154 1297 etiam
1207 1258 1349 1297 nunc
1405 1245 1699 1314 implicitus
1750 1246 2061 1312 detineris,
2120 1247 2200 1302 vel
2255 1248 2307 1300 in

737 1331 919 1384 alieno
940 1372 953 1394 ,
989 1332 1290 1402 illicitoqne
1331 1343 1449 1388 toro
1483 1337 1750 1390 rabiosam
1782 1336 2070 1391 libidinem
2103 1335 2308 1404 exples,

737 1421 820 1472 vel
874 1421 1136 1476 adversus
1180 1424 1419 1493 aliquem
1468 1426 1520 1479 in
1565 1428 1730 1481 corde
1777 1428 1957 1480 odium
2006 1426 2192 1492 foves,
2230 1426 2311 1480 vel

738 1499 946 1564 moliris
986 1513 1229 1575 insidias,
1260 1515 1373 1569 haec
1406 1517 1587 1570 omnia
1616 1528 1817 1585 relege,
1850 1516 2062 1583 illisque
2096 1517 2309 1569 modmn

734 1603 997 1671 impone,
1054 1606 1355 1659 excidenda
1411 1607 1623 1661 scilicet
1677 1607 1728 1659 in
1780 1607 2039 1662 honorem
2084 1608 2310 1677 apostoli

730 1694 1043 1749 Passionem
1087 1706 1269 1759 tuam,
1301 1713 1363 1751 ac
1406 1699 1763 1753 conveniente
1792 1701 2112 1766 paenitentia
2170 1701 2313 1755 resi-

732 1786 1006 1853 piscende.
1054 1786 1205 1853 Quod
1259 1788 1303 1841 si
1353 1787 1637 1854 effeceris,
1690 1791 1831 1843 diem
1866 1790 2066 1843 festum
2124 1808 2310 1846 revera

736 1871 1080 1926 celebrabis:
1114 1882 1170 1928 et
1199 1874 1271 1928 ita
1311 1875 1404 1930 tibi
1440 1878 1758 1931 conciliabis
1788 1880 2127 1947 apostolum,
2165 1891 2220 1934 ut
2260 1894 2312 1936 et

738 1966 984 2029 corporis
1016 1966 1408 2031 valetudinem,
1443 1978 1497 2023 et
1518 1970 1640 2022 vita;
1676 1969 2012 2037 felicitatem,
2037 1981 2087 2026 et
2118 1975 2315 2029 anima:

735 2054 833 2107 tibi
867 2057 1098 2112 salutem
1138 2060 1450 2124 impertiat:
1484 2061 1648 2133 342
1684 2073 1737 2117 et
1768 2064 1857 2118 alii
1888 2080 2018 2119 sane
2051 2066 2314 2121 ebrietate

731 2151 1050 2219 prwgravati
1074 2190 1089 2216 ,
1118 2162 1169 2206 et
1203 2155 1379 2221 capite
1428 2155 1566 2209 male
1614 2155 1807 2209 ali‘ecto
1842 2167 2185 2211 revertentur
2215 2162 2311 2213 do-

734 2257 880 2294 mum
919 2253 972 2298 te
1019 2260 1144 2299 vero
1175 2246 1327 2301 bona:
1368 2249 1481 2316 spei
1529 2250 1743 2318 plenum
1794 2252 2034 2304 dimittet
2084 2268 2313 2322 magnus

737 2337 1051 2402 apostolus,
1103 2348 1155 2393 et
1206 2341 1378 2409 gloria
1438 2343 1789 2397 extollentem
1839 2360 2021 2397 rerum
2069 2347 2309 2400 omnium

738 2438 1042 2495 auctorem,
1069 2439 1121 2485 et
1144 2434 1477 2489 conditorem
1514 2436 1684 2489 Deum
1716 2452 1880 2499 nunc,
1917 2446 1971 2490 et
1994 2454 2223 2508 semper,
2260 2450 2313 2496 et

732 2518 792 2574 in
823 2522 1019 2577 saecula
1048 2525 1389 2582 saeculorum.
1425 2528 1619 2587 Amen.

1328 2640 1616 2698 HOMlLlA
1659 2644 1719 2698 L.

1248 2771 1266 2800 c
1328 2752 1521 2829 Stabat
1562 2753 1900 2829 Joannes,et
1944 2775 2009 2811 ea:
2039 2758 2315 2829 discipulis

806 2818 924 2938 Ejus
973 2820 1099 2871 duo.
1153 2840 1171 2872 ι
1225 2852 1295 2861 -—
1333 2823 1485 2877 Dicta
1517 2836 1591 2877 est
1634 2826 1686 2878 in
1722 2818 1850 2889 festo
1886 2832 2056 2881 sancti
2088 2818 2314 2897 apostoli

856 2905 885 2937 η
930 2904 1052 2938 γεω.

856 2904 1052 2941 narem.

739 2746 804 2798 ἐπ
834 2744 929 2799 illa
962 2750 1113 2802 verba
1170 2768 1189 2805 :

812 2999 1099 3057 llodiernze
1130 3005 1466 3061 celebritatis
1518 3023 1699 3064 sermo
1729 3012 1927 3066 veteris
1969 3014 2136 3069 debiti
2171 3014 2317 3069 solu-

742 3094 818 3144 tio
856 3094 991 3161 (85),
1034 3112 1139 3150 non
1176 3101 1459 3168 sapientiae
1502 3105 1791 3159 ostentatio
1841 3105 1996 3160 nobis
2041 3113 2177 3172 erit,
2214 3124 2315 3161 non

2409 604 2634 673 τέμενος
2668 607 3143 676 πανηγυρίσοντες
3183 606 3378 674 ἦκατε,
3415 604 3489 675 μὴ
3548 606 3855 674 κραιπάλῃ,
3898 607 3997 657 καὶ

2413 694 2575 763 μέθῃ,
2608 698 2701 747 καὶ
2733 696 3007 765 ἀπρεπέσι
3032 695 3278 766 χορείαις
3306 695 3366 747 τὸ
3400 697 3600 765 σεμνὸν
3650 698 3747 763 τῆς
3797 698 3999 764 ἑορτῆς

2410 784 2819 855 καθυϐρίσητε·
2853 783 2970 836 ἀλλ’
2998 784 3073 844 ὡς
3103 784 3181 854 τῷ
3242 785 3363 853 Θεῷ
3426 788 3524 836 καὶ
3572 784 3650 853 τῷ
3707 786 4000 852 ἀποστὸλῳ

2410 874 2577 935 δοκεῖ,
2614 874 2757 928 οὕτω
2786 875 3273 946 πανηγυρίσωμεν.
3336 873 3529 927 Βούλει
3571 874 3872 942 θεάρεστον
3906 892 4003 941 γε-

2412 966 2601 1018 νέσθαι
2634 982 2717 1019 σοι
2748 967 2847 1037 τὴν
2907 968 3266 1037 πανήγυριν;
3327 964 3489 1017 είσιοι
3542 966 3679 1032 πρὸς
3732 964 3822 1015 τὸν
3856 964 4001 1016 θεῖον

2412 1060 2559 1125 ναὸν,
2604 1060 2872 1128 πρόσελθε
2919 1061 2997 1129 τῷ
3027 1057 3374 1128 ἀποστολικῷ
3423 1060 3789 1127 εἰκονίσματι,
3821 1058 4004 1109 διαλέο

2412 1151 2575 1221 χϐητι
2606 1151 2680 1214 ὡς
2705 1150 2936 1221 ἐμψύχῳ
2967 1152 3045 1223 τῷ
3078 1151 3459 1220 ἑκτυπὼματι.
3493 1151 3593 1201 ’Ᾱν
3649 1149 3829 1219 φαύλῃ
3870 1167 4001 1200 συνο

2412 1243 2573 1313 ηϐεία
2603 1244 2713 1297 τινὶ
2744 1244 2907 1313 μέχρι
2938 1243 3033 1295 νῦν
3084 1243 3507 1314 ἐκεκράτησο,ἢ
3539 1241 3783 1311 ἀθεμίτῳ
3842 1242 4006 1312 κοίτῃ

2412 1332 2649 1397 λυσσῶν,
2692 1335 2892 1407 ἢκατά
2923 1353 3065 1398 τινος
3098 1334 3304 1405 ἔχθραν
3332 1334 3552 1404 τρέφων
3596 1335 3655 1385 ὲν
3701 1337 3765 1402 τῇ
3830 1334 4003 1401 tinxi.

2414 1425 2447 1495 ἢ
2472 1425 2663 1496 βουλὴν
2702 1426 2896 1479 σκαιὰν
2948 1426 3333 1495 βουλευόμενος
3358 1466 3372 1490 ,
3397 1423 3743 1490 ἀνακάλυψον
3797 1424 4004 1485 πάντα,

2416 1515 2509 1569 καὶ
2535 1517 2660 1585 ὅρον
2695 1517 2877 1578 ἐπίθες
2909 1517 2996 1570 διὰ
3031 1518 3091 1571 τὸ
3140 1517 3277 1587 πρὸς
3332 1515 3425 1568 τὸν
3482 1514 3782 1566 ἀπόστολον
3836 1511 4000 1572 σέϐας

2416 1605 2647 1672 ἐκκόψαι
2680 1606 2739 1657 τὸ
2770 1605 2944 1669 πάθος
2968 1607 3063 1658 καὶ
3127 1605 3425 1677 πρεπούσῃ
3464 1602 3779 1673 χρήσασθαι
3834 1618 4006 1670 μετα-

2422 1696 2566 1766 νοία.
2594 1695 2712 1749 Κᾶν
2742 1698 2885 1749 οὕτω
2920 1700 3179 1767 ποιήσῃς,
3208 1697 3348 1767 αὕτη
3383 1714 3464 1749 σοι
3499 1696 3653 1747 ἔσται
3690 1696 4005 1762 πανήγυρις

2417 1788 2642 1858 ἀληθὴς,
2685 1792 2777 1841 καὶ
2803 1790 2893 1842 τὸν
2919 1791 3217 1842 ἀπόστολον
3248 1790 3431 1856 εὖροις
3456 1787 3695 1856 δαψιλῶς
3728 1804 3812 1838 σοι
3838 1788 4005 1855 παρέ·

2419 1898 2580 1949 χοντα
2617 1882 2826 1948 ὑγιείαν
2847 1881 2939 1934 τοῦ
2964 1881 3237 1949 σώματος,
3270 1882 3364 1933 καὶ
3394 1881 3488 1932 τοῦ
3531 1881 3647 1950 βίου
3677 1880 4005 1948 εὐμάρειαν,

2419 1972 2511 2023 καὶ
2546 1972 2790 2041 ψυχικῆς
2825 1974 3096 2041 σωτηρίας
3153 1974 3477 2037 ἀπόλαυσιν,
3537 1972 3630 2026 καὶ
3693 1973 3844 2023 ἄλλοι
3911 1971 4009 2038 μὲν

2420 2062 2886 2131 ύπονοστήσουσιν
2910 2062 3092 2114 οἴκαδε
3136 2064 3199 2131 τῇ
3270 2062 3412 2134 μέΘῃ
3462 2059 3954 2130 καρηϐαρύσαντες
3990 2074 4003 2086 ·

2422 2155 2481 2206 σὲ
2510 2154 2566 2206 δὲ
2598 2155 2735 2225 μετά
2765 2154 3021 2224 χρηστῶν
3077 2154 3311 2206 ἐλπίδων
3369 2152 3688 2221 προπέμψει
3740 2153 3769 2203 ὁ
3836 2152 4011 2220 μέγας

2419 2246 2723 2307 ἀπόστολος
2746 2246 3039 2311 δοξάζοντα
3069 2248 3162 2298 τὸν
3185 2247 3498 2307 παναίτιον,
3536 2248 3631 2298 καὶ
3664 2245 4010 2315 δημιουργὸν

2414 2338 2521 2391 τῶν
2559 2339 2695 2391 ὅλων
2723 2338 2855 2392 Θεόν
2888 2354 2904 2371 ο
2938 2337 3054 2399 νῦν,
3087 2340 3179 2391 καὶ
3211 2338 3320 2403 ἀεὶ,
3352 2339 3445 2391 καὶ
3492 2342 3570 2402 εἰς
3632 2338 3758 2400 τοὺς
3810 2337 4015 2397 αἰῶνας

2416 2430 2523 2482 τῶν
2556 2431 2790 2485 αἰώνων,
2836 2432 3037 2499 ’Λμήν.

3059 2632 3299 2685 ΟΜΙΛΙᾹ
3334 2629 3414 2684 N'.

2416 2747 2520 2813 Εἰς
2548 2748 2633 2807 τὸ,
2668 2768 2685 2799 ε
2726 2748 3001 2811 Ἑστήκει
3026 2752 3057 2801 ό
3114 2749 3379 2812 Ἰωάννης
3420 2748 3514 2799 καί
3550 2747 3615 2799 ἐκ
3652 2746 3771 2797 τῶν
3823 2750 3989 2813 μαθη

2494 2817 2612 2870 τῶν
2640 2815 2825 2871 αὐτοῦ
2853 2819 2981 2875 δύο.
3021 2838 3038 2869 ι
3084 2848 3151 2858 -
3199 2820 3450 2885 Ἑλὲχθη
3471 2818 3541 2869 ὲν
3590 2816 3663 2883 τῇ
3696 2816 3874 2883 eam}
3910 2815 4017 2866 τοῦ

2488 2890 2661 2956 ἁγίου
2694 2888 3049 2941 ἀποστόλου
3094 2888 3401 2955 Ἀνδρέου.

3779 2998 4019 3051 παλαιοῦ

2424 3095 2621 3163 χρέους
2644 3093 2796 3145 ἐστὶν
2827 3092 3056 3153 ἔκτισις,
3087 3095 3146 3144 ού
3190 3092 3383 3159 σοφίας
3427 3092 3708 3154 ἐπίδειξις.
3770 3093 3842 3141 Ού
3906 3092 4018 3157 γὰρ

2507 3003 2659 3071 Ἐμοὶ
2698 3002 2798 3070 τῆς
2835 3001 3117 3072 παρούσης
3147 3002 3341 3071 ἑορτῆς
3374 3004 3405 3071 ἡ
3459 3002 3715 3065 διάλεξις,

741 3185 887 3235 enim
938 3184 1043 3240 huc
1080 3190 1199 3241 veni
1230 3229 1244 3253 ,
1280 3203 1336 3243 ut
1361 3204 1586 3247 ornatus
1616 3197 1919 3265 eloquentia
1956 3202 2315 3268 conspicerer,

2427 3187 2605 3253 λόγοις
2640 3183 3123 3255 ὠραῖσοησόμενος
3156 3185 3295 3253 ἥκω,
3339 3185 3459 3237 οὐδὲ
3504 3184 3791 3253 φιλότιμος
3843 3183 4021 3251 ὀφθῆ-

746 3286 920 3341 neqne
951 3288 1009 3330 ut
1046 3279 1230 3347 lepore
1256 3320 1272 3344 ,
1330 3291 1383 3334 et
1416 3298 1607 3351 pompa
1645 3291 1905 3342 orationis
1935 3290 2189 3345 honorem
2227 3308 2319 3361 pa-

751 3364 869 3417 triae
919 3381 1223 3434 aucuparer
1255 3389 1268 3423 :
1302 3374 1482 3441 potius
1530 3375 1675 3428 enim
1724 3392 1897 3432 meam
1928 3420 1941 3441 ,
1991 3397 2323 3450 quzrcunque

747 3453 835 3507 illa
868 3458 959 3520 sit,
993 3460 1313 3527 sapientiam
1366 3466 1635 3519 occultam
1670 3466 1873 3523 habere
1905 3472 2087 3535 velim,
2120 3484 2177 3527 ut
2204 3476 2322 3527 ina-

750 3550 832 3598 nis
869 3548 1060 3616 gloria:
1091 3551 1275 3606 ﬂatum
1307 3557 1526 3611 evitem.
1588 3560 1691 3613 Sed
1736 3564 1989 3630 quoniam
2022 3579 2175 3617 sacra
2211 3565 2326 3620 haec

751 3640 895 3691 anles
927 3642 1159 3709 apostoli
1211 3644 1349 3711 ejus,
1380 3649 1472 3715 qui
1502 3689 1517 3713 ,
1552 3651 1759 3719 primus
1814 3662 2041 3707 vocatus
2071 3665 2155 3709 est
2189 3655 2323 3725 (86),

754 3743 841 3780 me
886 3730 1047 3785 veluti
1097 3736 1283 3791 nutrix
1320 3752 1553 3806 puerum
1604 3743 1895 3806 educavit,
1925 3754 1979 3798 et
2028 3745 2325 3811 primarum

753 3817 1157 3877 institutionum
1230 3842 1527 3883 mammam
1596 3833 1861 3901 praebuit,
1947 3851 2331 3905 sacrarumque

750 3910 1084 3968 Litterarum
1144 3918 1493 3987 doctrinam,
1536 3926 1693 3991 quasi
1748 3926 1829 3979 lae
1892 3927 2169 3982 instillavit
2225 3947 2328 3983 non

751 4017 884 4058 sane
917 4006 1155 4061 ubertim
1184 4048 1199 4073 ,
1243 4026 1416 4080 neque
1450 4014 1591 4081 quod
1626 4016 1825 4070 satiare
1857 4033 1941 4070 me
1991 4029 2168 4088 posset
2190 4062 2204 4085 ,
2237 4020 2330 4073 sed

756 4106 1020 4159 quantum
1056 4098 1123 4150 ab
1152 4100 1267 4167 ejus
1303 4104 1567 4170 mamilla,
1602 4106 1689 4173 qui
1723 4117 1979 4174 provecta
2006 4119 2127 4161 erat
2153 4118 2329 4173 astate,

757 4195 971 4253 poterat
1014 4204 1313 4258 emanare,
1366 4196 1459 4249 sed
1514 4204 1692 4250 tamen
1744 4199 1809 4251 ad
1857 4215 1974 4253 eam
2029 4201 2331 4254 doctrinam

762 4282 1170 4346 perﬁciendam,
1196 4286 1539 4341 occasionem
1574 4299 1625 4343 et
1660 4289 1963 4343 facultatem
1994 4292 2153 4346 dedit.
2183 4292 2333 4359 Quod

758 4372 1023 4440 r~-liqnum
1078 4386 1161 4429 est
1206 4378 1332 4431 huic
1380 4379 1636 4435 Ecclesiaz
1690 4385 1922 4449 pretium
1979 4386 2333 4449 educationis,

770 4465 920 4529 quasi
956 4465 1129 4520 altrici
1178 4469 1429 4536 persolvo
1458 4509 1472 4533 ,
1520 4479 1570 4524 et
1599 4471 1741 4540 quod
1793 4473 1841 4525 in
1880 4472 2181 4540 proverbiis
2231 4482 2335 4535 est,

2425 3295 2509 3330 ναι
2537 3279 2601 3346 τῇ
2646 3276 2865 3343 πατρίδι
2910 3275 3277 3345 λαμυρωτέρα
3310 3276 3544 3343 γλώττῃ,
3577 3276 3667 3326 καὶ
3736 3278 4016 3339 πομπικῇ.

2426 3369 2536 3437 Τὴν
2597 3368 2640 3419 δ’
2698 3366 2838 3435 ἐμὴν
2886 3365 2958 3428 ὼς
3006 3367 3070 3418 ἂν
3127 3365 3261 3434 ἔχοι,
3322 3365 3668 3433 φιλοσοφίαν,
3722 3363 4021 3414 λανθάνειν

2432 3459 2627 3521 ἐθέλω,
2660 3460 2757 3527 τῆς
2787 3459 2946 3526 κενῆς
2975 3458 3135 3527 δόξης
3172 3459 3440 3509 ἐκκλίνων
3474 3459 3532 3510 τὸ
3578 3457 3831 3526 φύσημα.
3876 3455 4021 3508 Ἀλλ’

2430 3552 2617 3619 ἐπειδὴ
2650 3552 2676 3602 ὁ
2702 3550 2839 3620 ίερος
2871 3545 3025 3611 οὗτος
3055 3550 3149 3602 τοῦ
3176 3550 3570 3621 πρωτοκλήτου
3609 3548 3775 3616 σηκὸς
3826 3549 4024 3600 παιδό-

2434 3641 2703 3711 Οενήμᾶς
2760 3635 2851 3693 οἷα
2916 3640 3133 3710 τιθηνὸς
3193 3641 3557 3708 ὲμαιεύσατο,
3608 3640 3715 3691 τῶν
3783 3639 4025 3706 πρώτων

2434 3731 2823 3800 παιδευμάτων
2854 3732 3157 3801 παρασχὼν
3182 3733 3279 3801 τὴν
3305 3733 3495 3801 (δηλὴν,
3542 3732 3635 3784 καὶ
3685 3732 3795 3783 τῶν
3856 3730 4026 3797 ἱερῶν

2433 3825 2783 3895 γραμμάτων
2823 3824 2922 3893 τὴν
2957 3824 3217 3894 μάθησιν,
3262 3824 3336 3884 ὡς
3360 3823 3635 3890 γάλακτος
3690 3821 3824 3890 ῥοὰς
3893 3824 4025 3873 sm-

2434 3916 2579 3977 δοὺς.
2614 3916 2673 3969 οὐ
2709 3914 2947 3982 δαψιλῶς
2986 3915 3083 3982 μὲν
3111 3914 3222 3967 οὐδ’
3284 3916 3362 3977 είς
3417 3915 3601 3983 κόρον,
3662 3913 3777 3963 ἀλλ’
3806 3906 3898 3963 οἷα
3962 3913 4027 3963 ἂν

2440 4007 2611 4076 μαζὺς
2643 4007 2867 4077 πηγάσῃ
2896 4006 3223 4075 παρήλικος,
3250 4006 3389 4076 πλὴν
3421 4008 3501 4059 ὅτι
3534 4009 3634 4067 τὰς
3681 4007 3761 4067 είς
3792 4007 4024 4056 τελεξωο

2439 4116 2522 4151 σιν
2548 4099 2847 4151 κατέϐαλεν
2878 4101 3137 4168 ἀφορμάς
3162 4116 3177 4131 ο
3214 4100 3516 4167 ἀποδίδωμι
3559 4098 3747 4151 λοιπὴν
3780 4100 3847 4149 τά
3892 4113 4026 4168 τρο-

2439 4194 2561 4259 φεῖα
2598 4194 2663 4261 τῇ
2708 4192 3007 4261 Ἐκκλησία
3028 4193 3220 4264 ταύτῃ,
3250 4194 3324 4256 ὡς
3345 4193 3570 4263 τιοηνῷ,
3632 4191 3861 4261 πληρῶν
3918 4192 4023 4256 τὴν

2439 4284 2537 4351 τῆς
2566 4284 2867 4353 παροιμίας
2892 4285 3361 4355 ἀντιπελάργωσιν
3382 4302 3395 4315 ·
3440 4289 3530 4337 καὶ
3563 4285 3961 4351 συνοιασώτης,
3987 4279 4030 4336 ὦ

2442 4378 2855 4446 θεοφιλέστατον
2888 4378 3189 4446 ἄθροισμα,
3222 4379 3463 4447 γίνομαι,
3517 4380 3613 4430 καὶ
3666 4380 3943 4445 γαν-λυμαι
3972 4380 4030 4428 τὸ

2444 4472 2597 4541 φίλον
2629 4470 2822 4539 ἔδαφος
2859 4473 2955 4540 τὴν
3015 4470 3254 4539 πατρίδα
3317 4472 3459 4539 ὀρῶν
3518 4472 3616 4533 τὰς
3688 4470 3796 4522 τῶν
3856 4472 4031 4537 ἁγίων

758 4553 928 4623 legem
978 4557 1310 4626 Pelargicam
1370 4561 1571 4630 impleo
1606 4536 1738 4632 (87).
1788 4563 1849 4619 Et
1880 4536 1997 4618 una
2034 4566 2312 4619 vobiscum

2445 4565 2664 4633 μνήμας
2691 4561 2937 4624 εὐσεϐῶς
2969 4561 3360 4631 ἑορτάζουσαν.
3391 4562 3535 4627 Ἐγὼ
3574 4562 3671 4622 μὶν
3704 4563 3794 4613 οὖν
3844 4564 4029 4614 ἑστιᾶν

1988 4725 2315 4787 Francisci
2347 4725 2555 4786 Scorsi
2594 4732 2780 4786 notas.

835 4870 949 4941 (85)
994 4869 1192 4926 Veteris
1218 4876 1378 4930 debiti
1398 4876 1613 4929 somtio.
1639 4875 1768 4941 Quae
1798 4877 2022 4929 dicenda
2057 4875 2202 4932 circa
2230 4877 2331 4929 hoc

769 4944 1073 5015 exordium,
1112 4947 1253 5015 unde
1293 4947 1461 5015 putria
1497 4948 1780 5012 scripturis
1812 4947 2037 5014 hujusce
2081 4945 2329 5015 Ceramei

770 5010 1058 5086 colligitur,
1094 5010 1389 5086 disceptata
1424 5027 1549 5069 sunt
1580 5010 1619 5068 a‘
1652 5016 1803 5070 nobis
1834 5010 1895 5069 in'
1921 5015 2156 5071 Promm.
2192 5012 2330 5086 Isag.

770 5080 836 5129 ad
858 5096 973 5144 quae
1002 5084 1219 5134 remitto
1248 5080 1524 5140 lectorem.

843 5149 952 5216 (86)
996 5152 1099 5215 Qui
1129 5155 1327 5219 primus
1354 5169 1562 5210 vocatus
1591 5165 1691 5211 est.
1722 5156 1941 5211 Graccus
1970 5156 2134 5210 habet
2161 5156 2333 5209 solum

770 5219 864 5293 τοῦ
899 5226 1287 5293 πρωτοκλήτου
1311 5242 1324 5289 ;
1348 5230 1439 5277 sed
1466 5226 1509 5279 si
1544 5226 1729 5281 Latine
1758 5228 2036 5280 vertissent
2069 5227 2169 5278 hoc
2194 5226 2330 5286 loco,

772 5291 841 5340 ad
890 5291 1228 5363 primorocati
1282 5297 1551 5363 templum,
1578 5300 1753 5349 minus
1795 5298 2085 5351 dixissem:
2122 5295 2330 5360 addidi,

774 5363 992 5434 ηιξοδιοιέ
1027 5362 1170 5416 illius
1198 5368 1286 5434 qui
1325 5384 1504 5431 promo
1537 5376 1774 5431 vocatus;
1826 5365 1964 5419 infra
2001 5365 2335 5420 commodius

776 5430 840 5479 ad
873 5450 1063 5487 nomen
1092 5430 1262 5500 ipsum
1303 5430 1528 5489 Andreae
1557 5430 1824 5504 apponere
1857 5436 2001 5503 potui
2032 5436 2202 5501 primo
2246 5452 2336 5489 νο·-

777 5504 903 5575 cati,
973 5505 1246 5575 esplicnns
1278 5508 1339 5557 τὸ
1397 5507 1806 5575 πρωτόκλητον.
1878 5506 2083 5558 Dicitur
2136 5520 2262 5559 vero
2305 5521 2335 5560 a

778 5567 982 5645 Grtecis
1022 5567 1397 5645 scriptoribus
1442 5567 1867 5645 λιτρωτὸκλητος.
1935 5575 1991 5629 S.
2054 5576 2336 5641 Andreas,

782 5644 906 5705 quia
952 5644 1157 5708 primus
1209 5647 1449 5699 omnium
1498 5644 1717 5700 Secutus
1742 5644 1842 5699 est
1882 5645 2182 5706 Christum,
2217 5660 2337 5703 cum

782 5713 1023 5766 audisset
1075 5729 1103 5767 a
1158 5711 1364 5769 Joanne
1418 5717 1654 5783 Baptista
1709 5716 1961 5781 Magistro
2007 5730 2105 5769 suo
2152 5732 2165 5768 :
2212 5715 2342 5767 lz‘rce

785 5794 950 5848 agnus
988 5784 1097 5837 Dei.
1128 5783 1348 5856 Iuterno
1397 5788 1561 5856 igitur
1599 5786 1828 5856 impulsu
1864 5786 2070 5855 primus
2102 5785 2341 5856 omnium

792 5862 1009 5908 vocatus
1061 5860 1164 5910 est.
1214 5854 1479 5912 Caeterum
1541 5855 1821 5928 Philippus
1868 5854 2084 5926 primus
2138 5854 2345 5911 audivit

2433 4890 2461 4927 a
2512 4875 2729 4929 Christo
2779 4891 2792 4927 :
2847 4875 3079 4944 Sequere
3125 4890 3227 4929 me.
3278 4873 3875 4944 Quod'_aduotavimus
3902 4888 4027 4940 sup.

2433 4946 2513 5022 ad
2538 4946 2834 5022 homiliam_
2868 4942 3260 5022 praecedentem
3283 4946 3330 4999 si
3400 4942 3625 5022 releges,
3655 4944 3803 5022 nulla
3831 4958 4026 5022 ὀρρω-

2440 5017 2579 5069 rebit
2628 5015 2768 5068 inter
2819 5012 2935 5068 hac
2970 5016 3110 5068 dicta
3161 5016 3545 5078 discrepantia,
3596 5012 3735 5079 quod
3791 5012 3881 5064 hic
3919 5016 4031 5064 An-

2434 5087 2591 5139 dreas
2627 5084 3037 5153 πρωτόκλητος,
3062 5084 3134 5138 ibi
3170 5084 3528 5151 S.Philippus
3564 5084 3771 5153 primus
3803 5083 4020 5153 dieath

2448 5150 2852 5218 esse.vocatus.
2907 5150 3106 5207 Eodem
3144 5170 3307 5208 sensu
3338 5150 3529 5206 Petrus
3570 5152 3813 5203 Damiani
3857 5152 3927 5204 de
3964 5150 4023 5203 S.

2441 5227 2652 5277 Andrea
2688 5239 2749 5276 ex
2783 5224 2994 5277 Latinis
3041 5224 3291 5277 Patribns
3335 5241 3349 5276 :
3386 5227 3429 5275 0
3454 5223 3623 5274 dulcis
3651 5221 3921 5289 apostole,
3976 5232 4026 5274 et

2445 5296 2715 5363 primitiva
2747 5298 2947 5348 vacatio
2976 5292 3315 5348 Saluatoris!

2519 5366 2630 5434 (8'7)
2674 5362 2857 5433 Legem
2908 5363 3235 5433 Pelargicam
3278 5362 3485 5434 impleo.
3556 5360 3695 5434 Quid
3753 5361 3827 5434 sit
3871 5362 4023 5434 apud

2445 5430 2664 5490 Gri-cos
2714 5430 2795 5485 lux
2827 5430 3099 5502 Pelargiea
3142 5435 3361 5487 disserit
3400 5433 3725 5485 Franciscus
3765 5431 3833 5483 tle
3871 5430 4025 5483 Men-

2449 5506 2577 5557 dozzi
2614 5519 2728 5558 soc.
2760 5502 2886 5557 Jesu
2915 5504 2966 5556 in
2997 5501 3249 5557 ’Viridar.
3285 5502 3561 5562 Sandan,
3599 5502 3717 5553 dcc.
3748 5515 3789 5560 ι.
3819 5515 3945 5565 cap.
3970 5502 4022 5559 8,

2447 5586 2501 5628 et
2532 5573 2687 5628 Joan.
2720 5573 2857 5627 Lud.
2884 5575 2949 5627 de
2980 5574 3244 5631 Lacerda.
3272 5573 3491 5625 Advers.
3518 5586 3680 5630 sacr.,
3718 5586 3842 5637 cap.
3886 5571 4023 5632 H0;

2452 5646 2601 5719 l’au_l.
2654 5643 2860 5719 Manut.
2918 5645 2969 5697 in
3003 5644 3176 5712 Λείας.
3239 5640 4023 5719 ἀντιπελάργωσις(-ίείιίοτυε

2455 5715 2505 5767 in
2537 5714 2739 5775 Gloss.,
2768 5715 2857 5782 qui
2895 5728 3011 5767 eam
3040 5728 3227 5766 vocem
3255 5714 3499 5765 talionem
3527 5712 3706 5763 vertit.
3737 5712 4025 5776 Signiﬁcat

2456 5786 2655 5852 quippe
2708 5784 3182 5861 dv_r_t1}:ei.étpyu_ia_tc
3242 5783 3557 5837 relationem
3604 5782 3847 5861 .gratim,
3900 5798 4021 5861 cum

2453 5865 2695 5911 mutuum
2728 5852 3261 5915 ollicium’redditur.
3287 5864 3343 5909 et
3374 5867 3471 5914 par
3503 5852 3641 5917 pari,
3671 5852 3815 5916 quod
3860 5854 4021 5906 etiam
