4184 6440
142 412 253 478 897

1582 412 1776 475 ΗΟΜΙ
1788 413 1915 475 LIA
1952 414 2021 476 L.

3333 420 3439 483 898

140 542 278 594 τωρ,
321 526 369 577 ei
392 526 558 590 δοκεῖ,
589 526 815 593 λογικῆς
880 526 1009 595 ὑμῖν
1033 524 1353 588 πανδαισίας
1413 526 1728 596 γενήσομαι,

1848 541 1882 581 o
1928 539 2103 581 cmtus
2152 526 2263 581 Deo
2313 525 2701 592 dilectissime,
2753 528 3077 584 concelebro
3130 530 3428 586 solemnem

150 616 351 682 ’Υμεῖς
383 618 535 680 δὲὼς
574 619 899 687 δαιτυμόνες
956 618 1238 670 σπουδαῖοι
1302 616 1423 687 μεθ’
1450 617 1642 687 ἡδονῆς
1674 619 1744 672 τὰ

141 709 484 776 προτεθέντα
513 709 885 774 εἰσδέξασθαι,
920 712 1011 762 καὶ
1071 708 1361 777 ἁρπαλέως
1415 707 1555 759 αὐτὰ
1622 711 1737 772 τοῖς

1300 800 1367 852 ἵν’
1412 799 1744 869 ἀπέλθωμεν

135 892 408 944 ἐντεῦθεν
432 895 866 961 καρπωσάμενοι
896 894 993 962 τῆς
1058 893 1238 962 ψυχῆς
1298 892 1397 961 τὴν
1441 892 1738 958 ὠφέλειαν.

142 989 281 1053 Ἀγε
322 987 387 1046 δὴ
439 986 499 1038 τὸ
546 988 690 1055 ἱερὸν
754 986 1169 1055 ἀναπτήξαντες
1228 986 1597 1052 Εὑαγγέλιον,
1644 984 1743 1045 τὰς

136 800 244 868 τῆς
330 802 586 862 διανοίας
644 801 823 853 ὀδοῦσι
887 802 1227 865 κατέδοντες,

132 1078 582 1143 ἀναγνωσθεῖσας
618 1080 749 1147 ἡμῖν
785 1078 997 1147 ὑψηλὰς
1021 1078 1278 1148 θεωρίας,
1338 1078 1413 1141 ὡς
1482 1078 1731 1141 δυνατὸν,

134 1168 583 1238 ἀνιχνεύσωμεν.

1851 618 1996 672 hunc
2046 619 2188 672 diem
2215 658 2230 682 ,
2264 628 2316 671 et
2361 621 2617 687 patriam,
2650 623 2874 675 charum
2927 622 3124 686 solum,
3164 623 3436 691 aspiciens

1854 719 1961 762 tam
2004 710 2255 779 religiose
2304 720 2622 764 sanctorum
2685 714 3004 766 memoriam
3046 714 3435 778 celebrantem,

1851 801 2047 856 ell'cror
2078 802 2306 868 gaudio,
2343 813 2395 855 et
2427 802 2666 855 exsulto.
2703 804 2964 873 Equidem
3004 820 3105 873 ego
3152 807 3436 861 rationalis

1854 892 2097 960 hujusce.
2131 894 2368 962 lautique
2396 895 2627 947 convivii
2658 904 2863 963 patrem
2898 912 2984 951 me
3016 898 3195 962 vobis,
3232 900 3273 951 si
3312 903 3426 967 pla-

1851 995 1958 1050 cet,
1986 986 2255 1039 exhibeo:
2292 1003 2387 1040 vos
2419 1004 2546 1043 vero
2576 979 2651 1040 uti
2685 988 2910 1043 studiosi
2940 990 3187 1044 conviva:
3221 1000 3274 1042 et
3307 1005 3430 1043 cum

1852 1076 2162 1145 voluptate,
2200 1091 2318 1145 quae
2355 1088 2479 1130 sunt
2524 1080 2767 1146 apposita
2791 1119 2807 1143 ,
2840 1081 3020 1145 capite
3044 1122 3058 1145 ,
3085 1082 3435 1150 jucundeqne

1847 1164 2099 1221 dentibus
2156 1168 2526 1237 intelligentia:
2570 1171 2930 1235 manducate,
2965 1183 3024 1226 ut
3073 1175 3202 1228 hinc
3250 1174 3432 1240 aliqua

132 1264 337 1315 animae
407 1264 641 1316 utilitate
703 1273 956 1333 percepta
1012 1262 1367 1319 decedamus.
1431 1264 1544 1332 Age
1598 1274 1732 1330 ergo
1770 1274 1989 1313 sacrum
2066 1261 2419 1330 Evangelium
2470 1264 2805 1332 esplicantes
2876 1267 3137 1322 sublimes
3184 1280 3433 1323 contem-

132 1355 410 1421 ptatimies
443 1369 507 1407 ex
550 1355 618 1408 iis
650 1370 767 1421 qua:
805 1355 940 1409 lecta
974 1365 1120 1419 sunt,
1155 1363 1420 1422 quantum
1458 1355 1511 1407 in
1559 1352 1722 1408 nobis
1762 1352 1891 1415 erit,
1924 1352 2319 1415 investigemus
2354 1356 2421 1410 “.

200 1447 297 1515 Τῷ
337 1448 516 1517 καιρῷ
550 1448 747 1517 ἐκείνῳ
784 1467 803 1500 ι
853 1449 1110 1518 Εἱστήκει
1140 1450 1168 1500 ὁ
1208 1448 1483 1514 Ἰωάννης,
1534 1447 1628 1501 καὶ
1671 1448 1735 1499 ὲκ

128 1540 239 1592 τῶν
266 1540 535 1609 μαθητῶν
566 1542 734 1592 αὑτοῦ
765 1541 859 1593 δύο
886 1558 898 1570 °
938 1542 1035 1594 καὶ
1099 1540 1381 1611 ἐμϐλέψας
1436 1540 1515 1610 τῷ
1550 1541 1727 1609 Ἰησοῦ

129 1634 566 1700 περιπατοῦντι,
592 1633 741 1701 λέγει
770 1649 783 1661 ·
818 1634 924 1685 Ἴδε
952 1635 980 1686 ὁ
1029 1633 1224 1702 ’Δμνὸς
1253 1632 1348 1685 τοῦ
1381 1632 1519 1684 Θεοῦ
1556 1649 1571 1663 ·
1633 1632 1732 1694 καὶ

130 1726 384 1792 ἥκουσαν
412 1726 577 1778 αὐτοῦ
602 1728 648 1778 οἱ
681 1726 776 1779 δύο
810 1726 1055 1796 μαθηταὶ
1119 1722 1431 1789 λαλοῦντος,
1462 1727 1554 1779 καὶ
1595 1728 1731 1794 ἠκο-

1913 1445 2075 1516 353
2114 1447 2170 1501 In
2235 1449 2324 1503 illo
2374 1458 2619 1519 tempore
2680 1470 2699 1502 ι
2740 1452 2902 1508 Stetit
2942 1453 3219 1519 Joannes,
3258 1464 3314 1507 et
3363 1465 3429 1509 ex

1841 1536 2123 1604 discipulis
2152 1536 2270 1603 ejus
2316 1538 2419 1589 duo
2440 1576 2455 1599 ,
2484 1547 2538 1590 et
2589 1540 2887 1607 respiciens
2915 1541 3100 1596 Jesum
3134 1545 3423 1598 ambulan-

1836 1636 1979 1689 tem,
2009 1629 2185 1683 dicit:
2224 1629 2362 1682 Ecce
2394 1632 2600 1698 tAgnus
2653 1632 2788 1696 Dei,
2840 1641 2893 1686 et
2952 1635 3237 1687 audierunt
3294 1652 3416 1689 eum

1837 1718 1944 1773 duo
1988 1721 2240 1787 discipuli
2300 1723 2611 1789 loquentem
2670 1731 2725 1776 et
2772 1724 2943 1777 secuti
2996 1734 3120 1777 sunt
3156 1725 3362 1779 .Iesnm.
3403 1745 3424 1778 s

130 1816 416 1884 λούθησαν
447 1816 526 1885 τῷ
578 1817 779 1885 Ἰησοῦ.
825 1835 843 1867 ι
915 1816 1067 1886 ’Δρτι
1130 1814 1227 1867 τοῦ
1281 1818 1587 1885 προφήτου,
1643 1816 1728 1867 καλ

1844 1808 1975 1862 Cum
1999 1813 2111 1876 jam
2143 1811 2231 1865 ille
2254 1812 2512 1879 propheta
2545 1812 2794 1881 idemque
2822 1830 3001 1883 praeco
3028 1826 3079 1869 et
3110 1815 3427 1873 Prtecursor

128 1912 410 1975 κήρυκος,
465 1918 559 1959 καὶ
594 1908 932 1978 Προδρόμου,
971 1908 1067 1961 καὶ
1107 1908 1416 1962 Βαπτιστοῦ
1469 1908 1567 1969 τὰς
1597 1909 1724 1976 ἐρη-

131 2002 305 2068 μικὰς
357 2000 719 2063 ἀπολιπόντος
780 2000 1085 2068 διατριϐὰς,
1145 2004 1241 2053 καὶ
1290 2002 1388 2063 τὰς
1460 2002 1725 2069 Ἰορδάνου

129 2093 541 2155 καταλαϐόντος
570 2095 719 2162 ῥοὰς,
758 2096 853 2146 καὶ
877 2093 1229 2162 ἐκφαίνοντος
1258 2096 1361 2156 τὰς
1408 2094 1508 2163 τῆς
1544 2111 1715 2163 μετα-

129 2183 281 2246 νοίας
312 2186 518 2251 αὐγὰς,
555 2187 650 2237 καὶ
678 2188 1006 2255 τρανοῦντος
1038 2188 1138 2248 τὰς
1164 2185 1294 2256 περὶ
1332 2186 1426 2238 τοῦ
1458 2186 1714 2254 Σωτῆρος

131 2276 348 2341 φωνὰς,
386 2277 646 2347 συνέρρεε
681 2279 783 2347 μὲν
826 2280 853 2331 ὁ
906 2278 1035 2339 λαὸς
1090 2278 1229 2348 πρὸς
1286 2279 1348 2330 τὸ
1421 2278 1727 2348 βάπτισμα.

134 2368 413 2437 Ἔρχεται
445 2368 500 2420 δὲ
537 2369 632 2421 καὶ
661 2369 822 2432 αὐτὸς
850 2370 877 2421 ὁ
905 2369 1187 2439 Δεσπότης
1205 2370 1366 2440 ἡμῶν
1407 2370 1609 2439 Ἰησοῦς
1636 2368 1732 2421 καὶ

130 2464 523 2529 χειραπτεῖται
552 2465 620 2531 τῇ
643 2463 876 2533 παλάμῃ
934 2463 1029 2515 τοῦ
1072 2461 1406 2525 Βαπτιστοῦ,
1446 2461 1731 2530 καθαίρων

134 2555 365 2615 πάντως
404 2555 506 2621 ἐμὲ
547 2554 634 2606 διὰ
666 2555 761 2607 τοῦ
819 2556 1201 2625 βαπτίσματος
1236 2570 1250 2583 ν
1283 2555 1346 2606 οὐ
1374 2554 1482 2622 γὰρ
1517 2556 1729 2617 ἐκεῖνος

130 2644 307 2711 δήπου
356 2644 531 2696 ἐδεῖτο
570 2646 915 2715 καθάρσεως.
963 2646 1021 2698 Ὀ
1055 2646 1151 2715 μὲν
1192 2645 1285 2698 οὖν
1328 2648 1578 2714 Ἰωάννης
1604 2647 1727 2699 καί·

138 2751 241 2801 περ
276 2734 440 2794 εἰδὼς
479 2736 644 2787 αὑτὸν
702 2740 763 2787 ὲκ
820 2738 1079 2804 γαστρὸς,
1143 2740 1238 2788 καὶ
1276 2738 1638 2806 μαρτυρήσας
1668 2740 1735 2789 ἐκ

135 2825 330 2893 νηδύος
364 2829 497 2895 πρὶν
519 2827 584 2896 δὴ
620 2828 709 2877 καὶ
739 2828 932 2895 βλέψαι
964 2828 1249 2896 τὸνῆλιον,
1312 2830 1464 2896 ὅμως
1509 2827 1732 2897 βεϐαιό-

136 2932 294 2982 τερος
336 2919 555 2983 γίνεται
603 2923 665 2987 τῇ
721 2922 776 2971 ὲν
817 2920 947 2972 εῖδει
1004 2922 1337 2988 περιστερᾶς
1390 2923 1735 2991 ἐπιφοιτήσει

133 3008 223 3060 τοῦ
262 3012 615 3079 Ποδεύματος,
656 3017 748 3063 καὶ
778 3015 844 3082 τῇ
874 3012 1082 3065 ἄνωθεν
1114 3012 1210 3064 τοῦ
1253 3014 1472 3081 Πατρος
1512 3030 1730 3082 μαρτυ-

136 3103 243 3171 ρίᾳ,
277 3105 379 3155 καὶ
408 3103 625 3155 ἵσταται
656 3106 1024 3174 ἐδραιὸτερος.
1059 3104 1232 3156 Τοῦτο
1262 3105 1371 3174 γὰρ
1396 3104 1620 3176 ᾐνίξατο
1637 3106 1726 3160 διὰ

1830 1912 1885 1954 et
1912 1902 2153 1969 Baptista
2205 1903 2256 1956 in
2290 1918 2474 1957 eremo
2523 1908 2856 1958 commorari
2925 1908 3215 1969 desiisset.
3261 1920 3312 1963 et
3362 1911 3428 1965 ad

1831 1986 2085 2043 Jut‘dnttis
2150 1990 2348 2045 ﬂumen
2407 1991 2758 2058 advenisset,
2812 2010 3047 2063 cumque
3108 1999 3430 2066 splendores

1832 2083 2167 2151 pmnitentia:
2201 2086 2519 2140 ostenderet
2544 2124 2559 2147 ,
2593 2096 2647 2139 et
2694 2102 2815 2155 quae
2848 2086 2917 2141 ab
2969 2088 3254 2144 Salvatore
3284 2092 3428 2146 dicta

1834 2158 2048 2228 fuerant
2075 2216 2090 2239 ,
2122 2177 2173 2228 in
2206 2186 2452 2244 apertum
2481 2217 2495 2240 ,
2549 2176 2831 2245 lucemque
2886 2178 3199 2246 proferret,
3230 2182 3296 2233 ad
3331 2183 3424 2235 ha~

1834 2266 2090 2333 ptisinum
2123 2267 2352 2336 pOpulus
2384 2265 2721 2323 conﬂuebat.
2762 2270 2922 2323 Venit
2955 2286 3084 2324 vero
3115 2271 3280 2326 etiam
3312 2272 3428 2341 ipso

1836 2358 2099 2413 Dominus
2132 2369 2314 2413 noster
2346 2358 2527 2423 Jesus,
2560 2371 2614 2414 et
2652 2361 2821 2429 ipsius
2846 2360 3102 2431 Βιιριὶειω
3128 2379 3291 2417 manu
3312 2365 3424 2434 (88)

1834 2452 2190 2520 contingitur,
2223 2466 2309 2504 me
2341 2456 2564 2505 omnino
2610 2467 2710 2521 per
2749 2452 2900 2506 illum
2937 2452 3261 2523 baptismum
3294 2470 3426 2523 pur-

1835 2557 2011 2611 gans;
2061 2557 2234 2611 neque
2265 2542 2410 2596 enim
2452 2543 2797 2612 purgationis
2846 2544 3143 2613 indigebat.
3188 2547 3427 2602 Joannes

1839 2625 2003 2702 igitur
2031 2649 2340 2703 quanquam
2395 2634 2544 2687 illum
2590 2649 2654 2687 ex
2703 2636 2891 2688 matris
2924 2646 3113 2691 ventre
3162 2641 3423 2703 novisset,

1835 2735 1890 2779 et
1920 2737 2212 2794 antequam
2264 2728 2433 2780 solem
2482 2726 2793 2792 aspiceret,
2827 2736 3055 2781 testatus
3091 2728 3241 2781 illum
3279 2740 3427 2785 esset

1835 2835 1902 2874 ex
1940 2832 2118 2885 utero,
2156 2836 2279 2873 cum
2312 2830 2489 2873 tamen
2523 2818 2758 2887 Spiritus
2806 2831 3029 2875 sanctus
3076 2822 3129 2875 iii
3163 2823 3426 2877 columina

1837 2914 2020 2980 Specie
2065 2928 2233 2981 super
2258 2929 2382 2966 eum
2416 2915 2603 2979 venit,
2659 2924 2713 2968 et
2750 2913 2916 2969 Pater
2946 2924 3176 2969 testatus
3204 2925 3287 2969 est
3324 2916 3424 2970 de-

1848 3021 2033 3073 super,
2067 3006 2274 3059 lirniior
2317 3007 2367 3059 in
2402 3004 2517 3071 ejus
2563 3006 2874 3074 cognitione
2909 3006 3267 3074 stzibiliorque
3296 3022 3423 3074 per-

1842 3101 2006 3153 sistit.
2043 3101 2152 3154 Hoc
2179 3101 2322 3153 enim
2365 3100 2602 3165 quodam
2654 3101 2804 3166 quasi
2850 3100 3140 3166 aenigmate
3192 3099 3421 3155 involvit

132 3193 223 3260 τῆς
255 3195 507 3254 στάσεως
532 3195 591 3246 τὸ
619 3198 763 3265 ἱερδιν
788 3195 1139 3263 Εὑαγγέλιον.
1162 3196 1381 3265 Ἐπειδὴ
1402 3198 1512 3264 γὰρ
1555 3198 1725 3250 πολλα

1838 3193 1887 3244 in
1922 3192 2091 3246 verbo
2125 3192 2306 3245 standi
2347 3189 2722 3257 l'lvangeliutn.
2773 3191 3039 3256 Quoniam
3071 3190 3215 3244 enim
3254 3193 3418 3246 multa

134 3287 253 3353 περὶ
285 3287 529 3355 Χριστοῦ
560 3288 825 3357 πρότερον
876 3288 1099 3355 εῐρηκεν
1128 3301 1143 3315 ·
1179 3305 1195 3336 ι
1236 3290 1350 3339 Οὐκ
1394 3290 1511 3356 εἰμὶ
1570 3288 1679 3354 ἐγὼ
1704 3290 1730 3339 ὁ

135 3378 388 3445 Χριστὸς,
412 3399 428 3429 ι
478 3380 593 3445 καὶ,
620 3399 637 3430 ι
689 3382 1361 3451 Ἐρχεταιὸἰσχυρότερός
1393 3401 1519 3450 μου,
1563 3402 1580 3433 ι
1616 3383 1729 3449 καὶ,

137 3484 155 3515 ι
189 3468 247 3518 ’0
267 3470 569 3538 ἐρχόμενος
606 3470 779 3521 ὀπίσω
810 3489 909 3538 μου
960 3471 1268 3539 ἔμπροσθέν
1336 3488 1438 3538 μου
1490 3472 1731 3539 γέγονεν,

135 3561 201 3621 ὡς
228 3564 303 3631 μὴ
330 3563 601 3615 δύνασθαί
638 3581 703 3631 με
733 3565 825 3615 τον
858 3564 1058 3633 ἱμάντα
1089 3564 1270 3627 λῦσαι,
1294 3566 1387 3615 τὸν
1417 3564 1723 3633 δεσμοῦντα

136 3653 319 3703 τούτου
354 3654 421 3703 τὸ
453 3653 691 3705 πέδιλον.
736 3673 754 3704 ι
794 3655 903 3705 Καὶ
968 3658 1073 3723 μὴν
1114 3656 1212 3707 καὶ
1272 3658 1574 3723 πνεύματι,
1628 3656 1725 3707 καὶ

139 3747 261 3813 πυρὶ
295 3744 587 3806 βαπτίζειν
619 3741 774 3797 εἶπεν
801 3747 987 3805 αὑτὸν.
1022 3749 1117 3799 καὶ
1142 3742 1229 3800 οἷα
1262 3749 1429 3800 πτύον
1481 3749 1580 3815 τὴν
1626 3766 1724 3799 κα-

136 3837 397 3907 θαρτικὴν
421 3840 608 3908 φέρειν
652 3838 904 3906 δύναμιν,
933 3840 1039 3890 ἀπο
1089 3839 1182 3891 τοῦ
1259 3841 1565 3908 εὐχρήστου
1589 3841 1728 3891 διαι-

139 3924 329 3989 ροῦσαν
362 3926 427 3976 τὸ
450 3926 749 3995 ἄχρηστον.
789 3928 896 3979 Καὶ
936 3946 951 3977 ι
992 3927 1097 3979 Ἰδε
1137 3930 1164 3979 ὁ
1209 3928 1405 3997 Ἀμνος
1436 3929 1530 3981 τοῦ
1562 3929 1722 3992 Θεοῦ,

135 4015 159 4064 ὁ
184 4019 350 4084 αἴρων
377 4017 481 4086 τὴν
510 4019 787 4087 ἁμαρτίαν
835 4019 928 4070 τοῦ
956 4020 1163 4087 κόσμου
1195 4034 1210 4049 ⁶
1254 4040 1271 4071 ι
1304 4022 1362 4072 ἐν
1381 4021 1553 4091 ταύτῃ
1576 4021 1631 4073 δὲ
1655 4022 1720 4090 τῇ

139 4111 414 4179 μαρτυρίᾳ
474 4110 617 4177 μάλα
666 4111 912 4180 στερρὦ
989 4108 1239 4179 ἑστηκὼς
1328 4112 1719 4181 ἁμετεωρίστῳ

134 4204 216 4253 xz".
240 4203 459 4255 ἁκλινεί
499 4202 765 4272 λογισμῷ,
798 4203 1025 4265 εἰκότως
1051 4204 1273 4256 ἑστάναι
1306 4203 1551 4270 λέγεται,
1638 4206 1712 4265 ὡς

195 4383 237 4413 δ’
270 4381 433 4434 Juan.
472 4396 525 4445 ι,
558 4382 626 4435 56
658 4397 807 4449 seqq.
884 4382 926 4411 "
962 4381 1118 4435 Joan.
1152 4398 1197 4447 1,
1225 4382 1315 4436 20.
1393 4382 1441 4415 ⁸⁸
1519 4383 1707 4438 Matth.

138 4450 211 4504 16.
284 4454 325 4483 ⁵¹
373 4452 511 4504 ιιιῑιι.
556 4454 642 4503 17.

884 4382 926 4411 ⁸⁷
962 4380 1118 4435 Joan.
1152 4398 1197 4447 1,
1225 4382 1315 4436 20.

715 4454 761 4481 "
800 4452 957 4506 Joan.
998 4467 1051 4515 ι,
1092 4454 1183 4507 29.

1835 3296 1963 3340 ante
2002 3286 2067 3339 de
2119 3286 2337 3338 Christo
2387 3286 2600 3337 dixerat
2644 3301 2657 3337 :
2710 3302 2729 3334 ι
2776 3284 2887 3337 Non
2939 3302 3057 3339 sum
3110 3301 3211 3355 ego
3261 3285 3423 3339 Chri-

1837 3389 1953 3433 stus
1981 3378 2055 3443 ‘7;
2094 3397 2111 3429 ι
2145 3389 2199 3433 οι
2249 3397 2261 3433 :
2305 3398 2323 3430 ι
2363 3378 2579 3433 Fortior
2610 3393 2695 3432 me
2727 3378 2873 3441 venit
2907 3379 2992 3443 ⁸⁸;
3031 3397 3048 3428 ι
3094 3388 3149 3432 et
3194 3396 3207 3431 :
3262 3397 3280 3429 ι
3316 3379 3420 3444 Qui

1840 3483 1961 3540 post
1988 3488 2070 3526 me
2100 3476 2283 3535 venit,
2319 3482 2448 3526 ante
2478 3487 2563 3526 me
2595 3469 2772 3524 factus
2804 3479 2888 3524 est
2912 3510 2927 3533 .
2980 3468 3140 3537 cujus
3175 3484 3275 3538 ego
3308 3486 3417 3524 non

1840 3579 1957 3616 sum
1991 3564 2187 3631 dignus
2242 3572 2302 3615 ut
2352 3565 2559 3617 solvam
2608 3562 2728 3631 ejus
2774 3562 3064 3631 corrigiam
3111 3562 3419 3616 calcatnen-

1837 3659 1873 3709 ti
1907 3656 1970 3708 ⁶⁹.
2014 3675 2031 3707 ι
2090 3656 2155 3709 Ει
2189 3671 2318 3710 vero
2347 3658 2525 3725 ipsum
2557 3659 2606 3708 in
2652 3657 2858 3727 Spiritu
2903 3665 2957 3709 et
2991 3637 3097 3724 igni
3132 3654 3415 3721 baptizare

1832 3750 2045 3803 dixerat
2076 3750 2123 3780 "
2148 3789 2165 3814 ,
2202 3758 2257 3803 et
2290 3750 2443 3815 quasi
2493 3750 2856 3801 ventilabrnm
2889 3745 3150 3815 purgandi
3185 3744 3417 3799 faculta-

1829 3853 1936 3895 tem
1970 3842 2012 3871 “
2040 3881 2054 3905 ,
2104 3849 2161 3894 et
2191 3839 2343 3895 utilis
2371 3840 2437 3893 ab
2473 3839 2648 3892 inutili
2687 3838 3005 3892 secernendi
3038 3838 3089 3890 in
3121 3852 3283 3891 manu
3320 3839 3417 3892 ha-

1830 3938 2066 3999 bere;et
2113 3951 2127 3986 :
2188 3950 2206 3983 ι
2250 3932 2392 3985 Ecce
2436 3922 2754 3999 agnus’Dci
2802 3930 2892 3999 qui
2946 3929 3083 3983 tollit
3130 3940 3413 3996 peccatum

1831 4024 2016 4078 mundi
2048 4024 2131 4088 ";
2176 4040 2194 4073 ι
2249 4036 2375 4075 cum
2410 4021 2574 4089 igitur
2619 4020 2910 4073 admodum
2955 4018 3183 4072 ﬁrmiter
3224 4019 3274 4071 in
3312 4018 3417 4072 hac

1835 4113 2221 4169 testiﬁcatione
2272 4112 2595 4180 persisteret
2626 4152 2640 4176 ,
2694 4125 2792 4163 uec
2843 4110 2962 4175 ejus
3005 4109 3218 4164 excelsa
3256 4126 3415 4164 mens

1836 4206 2019 4274 aliqua
2061 4220 2128 4259 es
2166 4211 2322 4274 parte
2350 4212 2563 4257 nutaret
2589 4241 2604 4265 ,
2664 4202 2860 4255 merito
2889 4202 3067 4255 dictus
3112 4210 3197 4256 est
3243 4212 3411 4264 stare,

1822 4398 1921 4447 ιιι,
1960 4384 2065 4451 22;
2108 4382 2273 4437 Marc.
2309 4398 2361 4447 ι,
2402 4382 2457 4435 7.

2538 4381 2581 4412 δ’
2606 4379 2763 4437 Joan.
2796 4398 2850 4447 ι,
2880 4382 2971 4437 27.
3051 4382 3096 4413 '°
3130 4381 3266 4437 Luc.
3306 4398 3364 4435 ιιι
3390 4421 3407 4446 ,

1378 4567 1705 4629 Francisci
1741 4570 1949 4629 Scorsi
1991 4575 2179 4628 notae.

143 4710 238 4746 uno
260 4695 433 4747 verbo
458 4691 831 4762 dicuntiidem
862 4692 1569 4762 ἀντιπελαργεῖν,⁹ιιιιιιιίιῐιθ
1590 4709 1718 4749 vero
1753 4700 1797 4757 Ι)
1827 4696 2043 4758 accepit,
2070 4709 2189 4746 cum
2213 4691 2399 4745 relatio
2421 4692 2717 4758 gratiarum
2742 4693 2962 4746 ciconia:
3001 4692 3254 4747 vocabulo
3272 4711 3409 4747 nun-

139 4763 357 4815 nﬂicnnu
389 4761 694 4832 inutriendi
752 4762 1080 4830 fovenilique
1133 4761 1231 4816 eos
1284 4780 1314 4816 a
1361 4766 1560 4832 quibus
1600 4764 1704 4817 ali-

138 4834 337 4899 ιμωιιόυ
376 4831 548 4885 fueris
574 4832 834 4884 educatus
866 4843 959 4883 aut
1007 4834 1282 4885 institutus
1316 4851 1329 4886 :
1359 4831 1417 4885 ut
1453 4836 1495 4885 si
1531 4834 1685 4887 liberi
1739 4885 1746 4891 ,

140 4915 281 4955 πρίαιο
310 4905 489 4955 fessos
525 4911 777 4967 parentes
802 4902 1041 4953 vicissim
1070 4903 1237 4971 alant,
1264 4913 1323 4956 ut
1361 4903 1405 4956 si
1440 4904 1698 4971 discipuli

140 4986 515 5037 prmeptoreni
551 4972 782 5022 invicem
831 4972 1099 5023 erudiant.
1137 4970 1192 5023 ld
1234 4987 1261 5024 a
1314 4973 1542 5026 ciconiae
1590 4970 1702 5025 na-

142 5052 245 5093 tura
271 5055 572 5108 sumptum,
596 5054 715 5109 quae
741 5038 945 5094 Graecis
966 5040 1246 5109 πελαργὸς
1269 5042 1485 5095 dicitur.
1514 5042 1699 5106 Quan-

142 5124 236 5162 tum
264 5114 427 5173 enim,
455 5112 633 5177 inquit
669 5108 888 5162 Solinus
924 5125 1040 5176 cap.
1065 5108 1155 5171 45,
1184 5112 1533 5175 impenderim
1558 5115 1697 5163 cico-

142 5198 226 5233 im-
247 5182 435 5249 fetibus
460 5182 771 5244 educandis,
802 5188 1008 5231 tantum
1032 5189 1080 5232 et
1111 5183 1238 5246 ipsa!
1265 5197 1381 5232 cum
1406 5182 1697 5245 canuerint,

142 5267 168 5300 α
203 5252 354 5331 pullis
386 5252 499 5331 suis
534 5250 1017 5331 inuicemaluntur.
1071 5250 1343 5331 Insignem
1380 5259 1436 5331 et
1472 5250 1692 5331 longum

141 5324 256 5373 satis
306 5323 372 5374 de
423 5320 661 5373 Cicouia:
716 5319 919 5386 pietate
974 5320 1147 5372 locum
1201 5319 1263 5372 1).
1317 5319 1587 5373 Ambrosii
1639 5322 1695 5374 in

145 5388 351 5444 ﬂexam.
386 5390 632 5443 referunt
663 5388 861 5441 laudati
900 5402 927 5439 a
958 5404 1043 5442 me
1072 5387 1331 5442 Mendoza
1365 5399 1418 5442 et
1454 5387 1695 5444 Lacerda

144 5460 362 5528 itemque
390 5458 689 5529 perbellum
718 5459 986 5511 emblema
1014 5459 1209 5512 Alciati
1238 5459 1303 5512 de
1334 5460 1546 5524 eadem,
1577 5475 1697 5528 qua:

144 5544 250 5583 cum
285 5528 429 5597 apud
475 5544 573 5583 eos
621 5528 675 5580 in
728 5538 981 5595 promptu
1034 5529 1260 5593 habeas,
1308 5529 1389 5583 vel
1432 5530 1596 5583 etiam
1629 5531 1696 5583 ab

147 5599 252 5669 ipso
274 5601 452 5669 possis
475 5607 925 5669 petereauctore,
945 5600 1331 5669 supervacanei
1354 5609 1499 5653 esset
1521 5601 1703 5668 operis

148 5668 237 5721 huc
267 5667 497 5723 referre.
533 5667 680 5721 Nihil
712 5676 893 5737 autem
926 5670 1126 5722 vetabit
1158 5667 1297 5724 hanc
1332 5680 1516 5723 notam
1559 5667 1699 5737 pau-

148 5739 268 5793 culis
295 5741 468 5807 ipsius
499 5736 775 5791 Ambrosii
802 5739 1311 5804 verbisobsignare
1355 5757 1369 5793 :
1412 5739 1701 5792 Retributio

149 5808 502 5876 beneﬁciorum
534 5808 1012 5877 αντιπελάργωσις
1065 5809 1389 5862 nominaturi
1426 5808 1703 5877 πελαργὸς

150 5880 269 5932 enim
310 5878 517 5933 ciconia
567 5876 1011 5933 dicitur.’Virtus
1070 5880 1244 5947 itaque
1292 5881 1356 5935 ab
1390 5882 1470 5934 liis
1517 5876 1703 5936 nomen

1824 4776 2066 4825 cupatur.
2140 4767 2313 4830 Atque
2373 4762 2485 4814 haec
2543 4772 2626 4813 est
2681 4763 3159 4831 ἀντιπελάργωσις
3231 4768 3401 4819 nostri

1812 4833 2186 4899 Theophanis,
2226 4833 2317 4898 qui
2352 4832 2630 4891 sermonis
2662 4833 2897 4899 gratiam
2940 4837 3123 4886 retulit
3169 4836 3215 4885 ei
3262 4843 3399 4885 tem-

1810 4905 1917 4969 plo,
1944 4906 2025 4955 vel
2058 4902 2389 4954 monasterio
2425 4899 2485 4952 S.
2521 4903 2752 4955 Andree
2780 4920 2806 4953 a
2838 4918 2946 4969 quo
2977 4906 3089 4968 ipse
3121 4906 3404 4956 institutus

1807 4988 1942 5039 puer
1989 4987 2145 5025 saera
2201 4972 2469 5025 doctrina.
2529 4970 2639 5022 Nec
2698 4986 2829 5024 vero
2892 4975 3142 5024 omittam
3204 4986 3400 5025 SClllllll

1804 5042 2080 5109 quippiam
2114 5052 2169 5094 et
2195 5042 2321 5093 huic
2355 5040 2528 5091 nostri
2563 5039 2921 5109 Theophanis
2956 5044 3140 5107 pietati
3175 5056 3239 5095 ac
3270 5060 3399 5095 sen-

1803 5108 2067 5164 sui'belle
2098 5111 2418 5171 concinens,
2461 5110 2607 5175 quod
2635 5111 2685 5161 in
2726 5108 2840 5162 Vua
2885 5110 2944 5163 S.
3000 5111 3254 5163 ttadbvrti
3308 5128 3405 5179 per

1803 5179 2064 5234 Jacobum
2091 5180 2441 5247 Sirmundnm
2468 5194 2584 5233 suc.
2602 5192 2823 5241 nostrae,
2844 5181 2960 5245 ejus
2983 5182 3236 5247 operibus
3266 5198 3405 5247 prae-

1805 5252 1907 5303 ﬁxa
1948 5251 2143 5316 legitur
2186 5267 2200 5303 :
2236 5249 2299 5300 In
2331 5245 2482 5299 Psal.
2524 5249 2721 5315 inquit,
2783 5266 2905 5302 XLIV
2931 5290 2945 5310 ,
2976 5245 3235 5317 insignem
3268 5245 3399 5303 ‘tra-

1803 5331 2004 5373 ctutum
2048 5321 2215 5372 tribus
2258 5320 2527 5370 contexuit
2574 5318 2723 5371 libris
2754 5323 2821 5370 ad
2855 5320 3292 5372 sanctimoniales
3329 5320 3393 5371 Β.

1816 5390 1957 5460 Virg.
1985 5388 2373 5460 Suessioneusis
2400 5390 2625 5452 gratiam
2656 5389 2763 5460 illis
2791 5389 3074 5460 rependens
3100 5390 3398 5455 primaria’,

1803 5457 1959 5527 quain
1991 5459 2131 5521 apud
2162 5460 2286 5511 illas
2315 5457 2591 5519 hauserat,
2625 5459 2982 5511 educationis.
3028 5458 3169 5512 Ecce
3201 5474 3389 5527 parent

1813 5530 2069 5582 Radberti
2096 5532 2372 5596 pietatem.

1887 5600 1999 5668 (88)
2045 5598 2224 5667 Ipsius
2279 5596 2536 5662 Baptista:
2568 5614 2751 5650 manu.
2806 5597 2994 5651 Graeca
3052 5613 3153 5650 vox
3200 5613 3397 5668 χειρατ

1812 5666 2043 5733 πτοῦσα,
2078 5666 2240 5738 quam
2276 5670 2577 5733 emphasim
2628 5678 2682 5721 et
2719 5670 2968 5737 Spiritum
3015 5668 3210 5721 habeat
3255 5666 3396 5734 apud

1815 5740 1914 5794 SS.
1964 5741 2152 5861 ﬂagres
2185 5738 2408 5793 Graecos
2466 5738 2738 5808 explicavi
2772 5740 2935 5793 latius
2982 5739 3070 5793 ad.
3117 5739 3265 5793 hom.
3298 5738 3395 5802 ss,

1816 5821 1929 5861 not.
2056 5850 2071 5861 .

1816 5821 1929 5866 not.
1979 5812 2071 5865 78.
