4184 6440
758 393 870 457 899

1941 379 2437 445 THEOPHANIS
2477 376 2819 440 CERAMEI

3932 376 4042 439 900

765 520 821 563 ut
849 507 942 576 qui
976 505 1029 559 in
1063 504 1223 558 aliam
1254 500 1580 559 sententiain
1634 515 1739 554 non
1784 498 2081 563 transiret,
2124 508 2179 554 et
2210 513 2331 567 qua:

2444 498 2515 568 μὴ
2549 496 2911 566 μεταπίπτων
2940 492 3020 554 εἰς
3050 491 3245 561 ἐτέρας
3263 488 3496 554 ἑννοίας,
3539 487 3664 559 μηδ’
3696 486 3929 541 ἀλλοιῶν
3968 491 4033 541 τὰ

760 600 1021 672 praeclare
1052 598 1308 669 prmdicta
1361 593 1614 655 fuerant,
1664 606 1771 645 non
1824 598 2075 643 mutaret.
2129 587 2185 640 In
2228 601 2337 655 quo

761 707 916 755 sane,
946 700 1003 745 ut
1035 689 1266 743 maxime
1295 684 1628 753 congruebat
1658 722 1672 747 ,
1722 689 1885 749 utque
1943 680 2171 748 dignum
2221 688 2338 732 erat

766 802 863 840 sua
902 786 1137 845 virtute,
1187 793 1245 833 se
1293 777 1480 846 gessit.
1536 775 1718 843 Neque
1769 774 1913 827 enim
1966 772 2176 827 arundo
2221 780 2339 825 erat

770 887 929 931 \ento
958 874 1158 942 agitata
1180 911 1193 934 ,
1226 869 1304 924 uti
1336 869 1405 923 de
1439 869 1528 920 illo
1557 866 1793 919 vicissim
1845 873 2075 919 testatus
2108 873 2210 927 est,
2244 861 2337 932 qui

768 983 913 1022 nunc
965 965 1294 1033 przedicatur
1341 960 1409 1014 ab
1457 960 1602 1027 ipso,
1640 957 1732 1010 sed
1787 967 1846 1010 ut
1902 955 2119 1008 Davidis
2161 954 2340 1008 verbis

765 1071 911 1122 utar,
944 1060 1140 1111 animae
1168 1057 1379 1126 plantas
1421 1053 1475 1106 in
1523 1061 1674 1120 petra
1704 1048 2064 1105 confessionis
2094 1056 2338 1103 statuens

766 1150 1069 1220 permansit
1121 1144 1414 1201 immobilis
1448 1143 1516 1195 ⁸³.
1552 1141 1703 1205 Quod
1759 1150 1934 1193 autem
1986 1149 2157 1192 status
2208 1153 2340 1191 con-

762 1243 1023 1296 stantiam
1072 1242 1123 1293 in
1174 1240 1386 1306 agendo
1435 1233 1706 1304 significet
1757 1232 2097 1311 Psalmorum
2149 1239 2342 1285 cantor

761 1334 1038 1387 ostendit:
1095 1349 1112 1382 ι
1151 1329 1337 1382 .luravi
1368 1369 1382 1392 ,
1415 1327 1513 1390 ait,
1548 1336 1601 1379 et
1633 1324 1795 1378 statui
1842 1324 2117 1377 custodire
2164 1321 2338 1393 legem

764 1438 913 1479 tuam
972 1426 1039 1477 “.
1101 1442 1119 1474 ι
1186 1422 1277 1474 Sic
1324 1420 1611 1473 Dominum
1665 1418 1833 1471 Amos
1888 1416 2149 1486 propheta
2205 1413 2341 1467 vidit

766 1527 1001 1572 stantem
1038 1518 1089 1567 in
1122 1514 1473 1567 adamantino
1511 1524 1696 1572 muro,
1748 1523 1842 1577 per
1888 1517 2089 1563 statum
2135 1504 2342 1559 stabili-

759 1619 923 1661 tatem
961 1605 1072 1674 (89)
1109 1604 1389 1665 indicans,
1426 1616 1523 1669 per
1570 1601 1915 1651 adamantem
1966 1594 2340 1649 fortitudinem

758 1697 1235 1761 constantiamque
1267 1692 1603 1759 significans.
1635 1689 1717 1741 Ad
1753 1690 1894 1741 hunc
1923 1686 2087 1740 ctiam
2123 1687 2340 1740 modum

758 1786 1073 1857 Stephanus
1105 1784 1390 1853 phalangis
1420 1791 1722 1850 martyrum
1756 1777 1923 1850 3M
1954 1778 2338 1849 antesignanus

764 1844 1049 1934 Dominum
1088 1844 1221 1929 vidit
1274 1844 1509 1929 st—antem
1637 1844 1857 1925 dextris—
1891 1844 2016 1923 δεῖ.
2085 1887 2104 1920 ι
2136 1844 2337 1925 Stabat
2368 1844 2414 1901 Β

755 1974 993 2029 Joannes
1023 2011 1037 2035 ,
1071 1981 1125 2024 et
1157 1986 1220 2024 ex
1256 1968 1536 2037 discipulis
1570 1966 1685 2031 ejus
1716 1967 1820 2019 duo
1866 1964 1934 2019 ".
1993 1982 2011 2015 ι
2061 1963 2181 2017 Jam
2212 1965 2340 2033 quid

757 2081 853 2135 per
897 2074 1099 2119 statum
1154 2061 1380 2116 Joannis
1430 2059 1793 2126 signiﬁcatum
1850 2057 1957 2120 sit,
2003 2063 2061 2109 ut
2106 2055 2343 2109 breviter

758 2155 957 2224 patuit,
992 2152 1321 2220 explicatum
1355 2157 1460 2201 est.
1516 2148 1879 2212 Quaerendum
1913 2161 2044 2199 vero
2094 2160 2236 2199 nunc
2264 2145 2341 2198 vi-

760 2244 952 2305 detur,
987 2239 1119 2309 quid
1171 2238 1388 2291 tandem
1421 2235 1522 2289 sibi
1557 2236 1724 2300 velit,
1763 2236 1903 2303 quod
1960 2250 2079 2287 cum
2129 2249 2194 2289 eo
2240 2236 2343 2288 duo

756 2332 1007 2402 discipuli
1062 2330 1289 2385 fuerint.
1322 2327 1451 2381 Haec
1504 2330 1649 2381 enim
1695 2328 1849 2395 juxta
1896 2325 2171 2380 historiam
2213 2340 2343 2379 szine

760 2437 888 2481 sunt
926 2426 1066 2480 facta
1090 2465 1105 2489 ,
1137 2425 1230 2477 sed
1269 2422 1407 2475 facta
1441 2428 1595 2473 erant
1630 2420 1743 2490 (90)
1797 2435 1975 2474 rerum
2030 2417 2344 2487 inlelligibi-

762 2522 890 2575 lium
928 2518 1244 2572 simulacra.
1282 2516 1345 2569 Et
1377 2528 1511 2569 sane
1540 2515 1629 2583 qui
1660 2515 1879 2583 elegans
1902 2555 1917 2579 ,
1952 2522 2003 2568 et
2044 2513 2341 2582 pulchritu-

760 2613 904 2665 dinis
946 2625 1138 2663 amans
1168 2618 1250 2662 est
1273 2646 1287 2671 ,
1317 2608 1559 2659 eximens
1590 2606 1914 2659 exteriorem
1946 2620 2087 2660 rosa:
2125 2602 2341 2659 follicu-

760 2704 894 2769 lum;
924 2704 1065 2771 quod
1102 2702 1246 2753 intus
1273 2710 1355 2753 est
1386 2699 1621 2768 pulchri,
1650 2698 1913 2765 decerpit.

838 2796 978 2859 Quid
1037 2793 1202 2864 igitur
1266 2792 1649 2858 discipulorum
1716 2789 1983 2844 binarium
2032 2788 2343 2845 indicabat?

766 2898 825 2942 ut
880 2903 978 2957 ego
1032 2888 1247 2955 quidem
1285 2884 1498 2953 opinor,
1544 2893 1705 2954 typus
1770 2890 1890 2937 erat
1947 2897 2233 2951 synagoga:
2289 2891 2342 2936 et

760 2978 1021 3033 Ecclesia:
1048 2994 1113 3032 ex
1164 2979 1419 3047 gentibus
1450 2983 1812 3044 congregatae.
1861 2972 2143 3027 Neminem
2194 2975 2337 3027 enim

763 3078 1007 3123 vestrum
1042 3070 1282 3123 arbitror
1310 3070 1582 3137 ignorare,
1611 3068 1756 3135 quod
1794 3081 2023 3137 magnus
2053 3066 2142 3120 ille
2170 3064 2340 3119 Ιοιιιιυ

763 3177 860 3215 nos
893 3161 1106 3216 medius
1135 3160 1409 3215 exstiterit
1440 3159 1572 3228 legis
1623 3171 1674 3213 et
1705 3160 1915 3230 gratiae.
1956 3156 2146 3211 Stabat
2176 3158 2339 3227 igitur

2442 585 2852 646 τεθεσπισμένα
2883 582 3089 645 καλῶς.
3131 581 3242 634 Καὶ
3284 578 3433 649 μάλα
3475 594 3539 646 γε
3584 579 3814 640 εἰκότως
3859 579 4033 630 ποιῶν

2441 681 2535 734 καὶ¹
2564 680 2690 745 ἀξια
2714 680 2813 744 τῆς
2833 675 2997 730 αὑτοῦ
3028 676 3255 746 ἀρετῆς.
3290 674 3366 728 Ob
3402 672 3513 742 γὰρ
3543 672 3790 741 κάλαμος
3826 666 3896 740 ἦν
3921 670 4030 722 ὑπὸ

2441 773 2643 840 ἀνέμου
2687 770 3074 837 σαλευόμενος,
3115 765 3189 829 ὡς
3253 767 3281 818 6
3344 764 3438 818 ὑπ’
3488 763 3657 816 αὐτοῦ
3728 762 4034 832 κηρυχῠεὶς

2440 863 2618 935 τούτῳ
2640 860 3177 933 ἁντεμαρτύρησεν⁶
3229 858 3392 921 ἀλλὰ,
3454 856 3757 919 Δαϐιδικῶς
3826 858 4030 919 εἰπεῖν,

2443 957 2653 1027 στήσας
2684 958 2742 1009 ὲν
2767 958 2833 1025 τῇ
2876 954 3054 1023 πέτρᾳ
3084 952 3183 1021 τῆς
3220 950 3532 1021 μαρτυρίας
3563 948 3660 1011 τὰς
3715 949 3813 1019 τῆς
3846 948 4031 1019 ψυχῆς

2445 1049 2652 1120 βάσεις,
2686 1048 2984 1116 ἁκλόνητος
3014 1046 3257 1113 ἔμεινεν.
3309 1044 3436 1096 Ὀτι
3485 1043 3542 1097 δὲ
3605 1046 3637 1113 ἡ
3694 1044 3887 1104 στάσις
3932 1044 4031 1111 τὴν

2444 1143 2502 1193 ὲν
2530 1140 2608 1207 τῷ
2671 1139 2967 1208 πράγματι
3031 1136 3185 1206 δηλοῖ
3274 1136 3638 1205 μονιμότητα,
3674 1135 3704 1187 ὁ
3735 1134 4032 1204 ψαλμωδδς

2447 1232 2721 1303 μαρτυρεῖ
2754 1248 2767 1263 ο
2808 1249 2825 1281 ι
2871 1231 3109 1299 Ὠμοσα,
3139 1228 3338 1297 λέγων,
3392 1230 3485 1280 καὶ
3516 1226 3743 1296 ἔστησα,
3798 1224 3898 1277 τοῦ
3936 1244 4035 1291 ςυ-

2444 1326 2714 1391 λάξασθαι
2740 1323 2833 1375 τὸν
2860 1324 3025 1388 νόμον
3055 1340 3173 1375 σου.
3210 1342 3229 1375 ι
3288 1321 3477 1385 Οῦτως
3511 1322 3613 1391 ὁρᾷ
3683 1320 3775 1372 τὶν
3823 1318 3959 1370 Θεὸν
4006 1317 4033 1367 6

2444 1422 2740 1491 προφήτης
2782 1420 2837 1473 Ἀ
2851 1418 2989 1485 μὼς,
3019 1420 3231 1473 ἑστῶτα
3264 1418 3359 1471 ἐπὶ
3386 1417 3603 1488 τείχους
3638 1416 4031 1485 ἀδαμαντίνου.

2444 1512 2543 1564 Διὰ
2575 1512 2677 1581 μὲν
2709 1513 2806 1582 τῆς
2844 1513 3117 1575 στάσεως,
3147 1511 3399 1580 δηλώσας
3451 1510 3514 1563 τδ
3544 1510 3772 1579 μόνιμον
3794 1525 3809 1538 ·
3859 1506 3950 1559 διὰ
3977 1506 4033 1557 δὲ

2441 1602 2536 1654 τοῦ
2563 1604 2895 1671 ἀδάμαντος,
2922 1602 3209 1673 σημαίνων
3230 1602 3290 1654 τὸ
3313 1602 3554 1671 ἰσχυρὸν,
3599 1601 3691 1653 καὶ
3723 1599 4028 1653 ὰνένδοτον.

2444 1695 2890 1764 Τοιουτοτρόπως
2918 1697 2946 1749 6
2984 1695 3199 1765 πρῶτος
3229 1696 3329 1763 τῆς
3363 1693 3713 1764 μαρτυρικῆς
3748 1692 4030 1759 φάλαγγος

2446 1792 2719 1859 Στέφανος
2748 1786 2857 1844 εἶδε
2902 1791 2997 1845 τὸν
3056 1791 3266 1860 Ἰησοῦν
3310 1791 3522 1843 ἑστῶτα
3564 1792 3629 1842 ὲκ
3684 1788 3884 1853 δεξιῶν
3936 1785 4029 1839 τοῦ

2442 1880 2600 1933 Θεοῦ.
2642 1900 2661 1932 t
2705 1880 2964 1950 Εἱστήκει
2996 1884 3025 1934 6
3071 1882 3348 1949 Ἰωάννης,
3391 1881 3486 1933 καὶ
3512 1882 3578 1932 ἐκ
3607 1880 3717 1932 τῶν
3770 1878 4031 1945 μαθητῶν

2442 1972 2611 2025 αὐτοῦ
2643 1972 2753 2027 δύο.
2796 1992 2814 2025 ι
2858 1972 3023 2026 Ἀλλὰ
3075 1973 3137 2025 τὸ
3174 1975 3276 2041 μὲν
3314 1973 3415 2041 τῆς
3454 1974 3702 2033 στάσεως
3779 1969 4029 2022 Ἰωάννου

2441 2064 2769 2133 δηλωτικὸν,
2799 2068 2858 2119 ὲν
2899 2066 3104 2134 ὀλίγοις
3146 2066 3465 2135 δεδήλωται.
3533 2065 3605 2117 Τὸ
3636 2064 3691 2116 δὲ
3741 2064 3835 2115 δύο
3891 2056 4030 2113 εἶναι

2448 2156 2565 2225 μετ’
2600 2156 2769 2210 αὑτοῦ
2797 2156 3051 2227 μαθητὰς
3082 2157 3133 2209 τί
3158 2156 3289 2208 ποτέ
3320 2160 3460 2215 ἐστι.
3493 2155 3680 2225 ζητεῖν
3707 2154 4029 2220 ἀναγκαῖον.

2445 2249 2641 2316 Γέγονε
2679 2248 2781 2315 μὲν
2810 2248 2921 2314 γὰρ
2950 2248 3115 2301 ταυτὶ
3149 2248 3245 2301 καὶ
3281 2248 3596 2315 ἱστορικῶς,
3618 2246 3737 2298 ἀλλ’
3774 2240 3921 2315 ἦσαν
3965 2242 4032 2293 τὰ

2445 2342 2717 2409 γενόμενα
2793 2342 2903 2393 τῶν
2954 2341 3265 2410 νοουμένων
3332 2341 3671 2407 ἰνδάλματαο
3706 2338 3800 2390 καὶ
3864 2338 3895 2388 ὅ
3967 2353 4031 2402 γε

2445 2433 2662 2495 ἀστεῖός
2736 2450 2793 2484 τε
2863 2434 2958 2485 καλ⁸
3011 2432 3301 2500 φιλόκαλος
3356 2435 3729 2500 περιαιρήτας
3777 2429 3874 2483 τοῦ
3942 2431 4032 2499 ῥό-

2443 2525 2533 2578 δου
2587 2524 2689 2596 τὴν
2745 2524 2947 2589 ἔξωθεν
3000 2525 3236 2589 κάλυκα,
3299 2524 3360 2577 τὸ
3415 2525 3562 2577 ἔνδον
3602 2523 3797 2586 κάλλος
3826 2524 4026 2593 τρδτᾷ.

2517 2790 2583 2845 Τί
2605 2787 2698 2843 οὖν
2722 2786 2909 2853 ἐδήλου
2934 2787 3041 2838 τῶν
3074 2785 3333 2854 μαθητῶν
3358 2785 3390 2852 ἠ
3421 2784 3586 2847 δυάς;
3616 2785 3729 2853 Τῆς
3766 2802 4029 2853 συναγω-

2444 2888 2585 2953 γῆς,
2619 2883 2711 2937 καὶ
2767 2884 2863 2951 τῆς
2921 2880 2979 2945 ἐξ
3023 2880 3192 2934 ὲϐνῶν
3265 2880 3613 2948 Ἐκκλησίας,
3659 2880 3732 2942 ὡς
3791 2874 4030 2948 ἐγῷμαι,

2444 2978 2615 3030 τύπον
2704 2976 2985 3041 ἐνέφηνεν,
3072 2969 3241 3042 Οἶμαι
3320 2973 3430 3041 γὰρ
3514 2973 3731 3039 ἀγνοεῖν
3820 2976 4030 3044 μηδένα

2445 3069 2619 3138 ὑμῶν,
2667 3067 2742 3130 ὡς
2784 3066 3038 3135 Ἰωάννης
3071 3068 3096 3117 6
3152 3066 3325 3133 μέγας
3381 3064 3574 3131 γέγονε
3646 3064 3873 3135 μεσέτης
3944 3067 4031 3119 νύ-

2452 3180 2577 3233 μου,
2639 3164 2734 3214 καὶ
2788 3162 3033 3230 χάριτος.
3068 3159 3287 3211 ’Ὶστατο
3351 3154 3444 3210 οῦν
3479 3160 3534 3209 ὲν
3562 3162 3710 3227 μέσῳ
3739 3160 3888 3211 δυοῖν
3926 3179 4031 3227 μα-

770 3254 913 3306 inter
946 3257 1078 3307 duos
1113 3252 1406 3321 discipulos
1450 3251 1693 3313 medius,
1722 3260 1777 3302 ut
1815 3250 1866 3302 in
1906 3250 2081 3302 medio
2108 3251 2336 3303 duorum

2444 3220 2655 3322 δητπιίν,
2694 3220 3036 3320 ὠςιένυμέσῳ
3071 3251 3165 3304 δύο
3188 3252 3354 3305 λαῶν.
3400 3251 3506 3303 Τοῦ
3544 3220 3642 3321 μὲν
3682 3220 3795 3321 ’ἢδη
3830 3220 4030 3321 mea»-

761 3346 1121 3416 populorum,
1175 3345 1377 3399 veteris
1432 3346 1649 3414 quidem
1692 3342 1802 3410 jam
1844 3343 2177 3406 deficientis,
2212 3342 2337 3395 novi

764 3453 897 3492 vero
918 3439 1029 3507 jam
1088 3436 1434 3505 incipientis,
1475 3445 1595 3504 post
1648 3434 1976 3504 baptismum
2029 3434 2174 3488 enim
2205 3448 2340 3501 pra:-

765 3533 948 3586 dicare
999 3529 1159 3585 Jesus
1210 3529 1461 3583 instituit.
1516 3527 1581 3580 Et
1635 3528 1741 3581 huc
1792 3526 2009 3595 quidem
2064 3536 2341 3595 spectasse

762 3623 895 3677 mihi
951 3623 1170 3676 videtur
1214 3620 1548 3688 evangelista
1575 3657 1591 3683 ,
1645 3634 1766 3671 cum
1815 3618 2038 3674 alterius
2078 3633 2144 3672 ex
2175 3617 2339 3671 disci-

759 3714 903 3784 pulis
954 3726 1150 3767 nomen
1204 3712 1405 3765 omisit.
1442 3710 1707 3763 Andream
1761 3710 1903 3763 enim
1958 3710 2242 3762 nominans
2276 3710 2342 3762 de

766 3809 941 3860 altero
975 3807 1183 3870 tacuit;
1242 3815 1427 3873 utpote
1458 3819 1580 3856 cum
1630 3801 1815 3871 legalis
1846 3801 2023 3856 cultus
2061 3816 2157 3871 per
2189 3801 2340 3855 illum

764 3901 1030 3967 figuratus
1083 3899 1439 3953 conticuisset
1474 3904 1529 3949 et
1560 3896 1855 3964 abrogatus
1884 3901 2051 3948 esset.
2094 3893 2340 3948 Andreas

762 4005 893 4043 vero
928 3990 1071 4058 (9|),
1106 3989 1197 4057 qui
1234 3987 1683 4056 interpretatione
1713 3985 1945 4039 nominis
1967 3983 2048 4037 sui
2078 3992 2342 4053 praestan-

764 4092 873 4134 tem
906 4082 1278 4133 fortitudinem
1314 4089 1484 4141 notat,
1520 4087 1700 4147 typutn
1730 4076 1985 4131 Ecclesia:
2019 4076 2176 4143 gerit.
2213 4075 2342 4141 Qua:

766 4173 911 4226 enim
950 4172 1300 4240 praestantior
1331 4172 1506 4223 virtus
1530 4186 1651 4223 esse
1680 4178 1854 4237 potest
1882 4208 1898 4234 ,
1932 4183 2093 4237 quam
2127 4169 2198 4223 sit
2230 4168 2341 4234 illa,

767 4280 872 4331 qua
904 4271 1161 4330 suscepto
1214 4260 1507 4329 Evangelio
1543 4260 1707 4329 pollet
1753 4258 1995 4314 Ecclesia
2027 4299 2042 4321 ,
2085 4274 2203 4327 quas
2233 4270 2340 4313 tam

773 4350 949 4404 valide
985 4350 1316 4402 communita
1368 4356 1491 4408 est,
1545 4356 1601 4398 ut
1656 4357 1828 4414 portae
1874 4345 2027 4399 inferi
2084 4345 2344 4401 adversus

763 4453 881 4490 eam
916 4435 1214 4504 prievalere
1246 4450 1352 4488 non
1392 4435 1618 4504 possint.
1651 4434 1754 4488 Sed
1788 4450 1849 4489 ea
1877 4452 1994 4505 qua:
2020 4447 2340 4505 sequuntur,

2442 3361 2531 3405 τος
2552 3345 2644 3395 τοῦ
2667 3343 2898 3396 παλαιοῦ
2925 3343 3153 3412 δηλαδὴ,
3184 3344 3493 3413 ἀρχομένου
3520 3343 3576 3395 δὲ
3601 3344 3727 3413 ἄρτι
3756 3344 3851 3397 τοῦ
3876 3347 4025 3398 νέοιν

2448 3436 2587 3503 μετὰ
2621 3435 2729 3505 γὰρ
2759 3434 2820 3486 τὸ
2846 3434 3153 3503 βάπτισμα,
3176 3435 3378 3501 ἤρξατο
3398 3435 3696 3503 κηρύσσειν
3722 3436 3749 3486 6
3795 3433 4029 3502 Ἰησοῦς.

2447 3529 2554 3580 Καί
2586 3545 2677 3597 μοι
2718 3527 2869 3579 δοκεῖ
2908 3527 3043 3595 πρὸς
3070 3526 3224 3578 τοῦτο
3248 3526 3675 3580 ἅποσκοποῦντα
3726 3527 3820 3579 τὸν
3861 3528 4029 3593 56a:-

2444 3620 2723 3689 γελιστὴν,
2760 3620 2990 3687 Οατέρου
3027 3622 3139 3671 τοῖν
3166 3619 3444 3688 μαθηταίν
3478 3620 3577 3688 τὴν
3604 3620 3801 3688 κλῆσιν
3844 3638 4030 3690 παρα-

2442 3714 2694 3783 δραμεῖν.
2732 3714 2837 3765 Τὸν
2882 3713 2992 3780 γὰρ
3030 3710 3284 3780 Ἀνδρέαν
3316 3710 3640 3776 ὼιομακὼς,
3697 3711 3789 3763 τὸν
3840 3711 4031 3781 ἕτερον

2448 3803 2817 3873 σεσιώπηκεν,
2842 3802 2917 3866 ὡς
2948 3802 3045 3871 τῆς
3080 3803 3170 3855 ὑπ’
3205 3802 3372 3855 αὑτοῦ
3416 3803 3765 3871 τυπουμένης
3808 3802 3907 3854 τοῦ
3949 3804 4033 3855 νό-

2448 3911 2549 3964 μου
2610 3895 2891 3964 λατρείας,
2964 3894 3339 3963 σιωπηΟείσης
3403 3911 3485 3958 τε,
3519 3896 3612 3945 καὶ
3658 3894 4033 3962 καταργηθεί-

2448 4003 2569 4055 σης.
2623 3986 2880 4055 Ἀνδρέας
2904 3986 2983 4048 δὲ,
3016 3986 3207 4055 ἐπειδὴ
3241 3986 3473 4051 δύναμις
3498 3985 3784 4055 εὐπρεπὴς
3850 3988 4031 4055 ἑρμη-

2446 4078 2686 4142 νεύεται,
2718 4077 2892 4131 τύπον
2923 4076 3078 4146 φέρει
3109 4076 3209 4145 τῆς
3250 4076 3608 4145 Ἑκκλησίας.
3652 4077 3748 4138 Τίς
3811 4079 3926 4145 γὰρ
3966 4079 4031 4129 ἂν

2446 4168 2867 4239 εὐπρεπεστέρα
2896 4166 3126 4235 δύναμις
3153 4167 3384 4231 γένοιτο,
3420 4167 3517 4234 τῆς
3561 4166 3622 4218 τὸ
3668 4166 4033 4233 εύαγγελικδν

2446 4260 2748 4330 δεξαμένης
2784 4262 3073 4329 κήρυγμα,
3107 4261 3201 4311 καὶ
3226 4260 3402 4322 οῦτως
3459 4260 3721 4329 ἀνδρείως
3772 4260 4035 4329 δυναμωο

2450 4352 2658 4421 θείσης,
2687 4352 2762 4415 ὡς
2796 4352 2962 4405 πύλαι
2985 4353 3134 4422 ᾅδου,
3164 4352 3239 4423 μὴ
3265 4352 3595 4422 κατισχύσαι
3624 4352 3816 4421 αὐτῆς.
3870 4353 4036 4405 ‘Alia

2451 4442 2546 4495 καὶ
2596 4442 2706 4496 τῶν
2767 4443 2895 4511 ἑξῆς
2954 4443 3325 4511 ἀκούσωμεν·
3398 4460 3415 4491 ι
3457 4442 3567 4494 Καὶ
3619 4441 3902 4511 ἐμϐλέψας
3959 4443 4034 4509 τῷ

765 4527 1086 4579 audiamus:
1122 4545 1139 4577 ι
1185 4526 1250 4579 Ει
1300 4527 1601 4595 respiciens
1633 4524 1815 4581 Jesum
1865 4527 2231 4583 ambulantem
2258 4529 2340 4582 di-

2461 4530 2638 4600 Ἰησοῦ
2694 4529 3117 4600 περιπατοῦντι,
3183 4530 3374 4596 λέγει’
3422 4530 3527 4581 Ἴδε
3590 4530 3618 4580 6
3690 4530 3891 4597 Ἀμνὸς
3937 4530 4032 4582 τοῦ

762 4617 879 4673 cit:
911 4618 1051 4672 Ecce
1080 4634 1251 4688 agnus
1286 4617 1397 4671 Dei.
1435 4635 1453 4668 ι
1486 4618 1781 4671 Considera
1817 4618 1947 4671 mihi
1986 4620 2091 4683 hic,
2126 4621 2334 4675 charis-

760 4709 939 4777 sime,
967 4726 1128 4780 quam
1179 4711 1346 4763 multa
1385 4711 1435 4762 in
1473 4710 1617 4763 dicto
1664 4720 1774 4763 tam
1826 4710 1975 4764 brevi
2026 4711 2328 4777 recondita,

761 4805 1024 4875 nobisque
1044 4804 1107 4858 ad
1144 4803 1553 4872 intelligendum
1582 4801 1825 4867 subjecta
1858 4802 1990 4867 sint,
2018 4813 2075 4858 et
2098 4805 2175 4857 uti
2208 4820 2332 4874 sp:-

835 4986 883 5017 ⁸³
921 4984 1067 5042 Psal.
1127 4996 1335 5050 xxxix,
1373 4986 1428 5039 5.

2449 4622 2607 4676 Θεοῦ.
2658 4641 2676 4672 ι
2714 4622 2913 4674 Σκόπει
2944 4621 3005 4689 δή
3048 4637 3162 4689 μοι,
3221 4620 3493 4689 ἀγαπητὲ,
3539 4618 3658 4681 πῶς
3702 4621 3764 4670 ὲν
3826 4623 4033 4689 ῥήματι

2450 4714 2593 4766 οῦτω
2618 4715 2811 4784 βραχεί
2834 4714 2997 4776 πολὺς
3030 4713 3404 4783 ὲγκρύπτεται
3438 4712 3727 4781 νοημάτων
3783 4714 3993 4777 σκοπός
4015 4730 4029 4745 ο

2454 4806 2571 4869 πῶς
2607 4808 2821 4877 συνᾴδει
2852 4809 2884 4877 ὴ
2916 4806 3129 4875 ἱστορία
3154 4807 3219 4876 τῇ
3269 4803 3493 4875 Θεωρία.
3544 4802 3730 4856 Εἰπὼν
3791 4810 3903 4874 γὰρ
3957 4824 4031 4869 ως

1504 4982 1550 5013 ⁸⁸
1593 4980 1741 5037 Psal.
1798 4984 2021 5045 cxvm,’
2049 4978 2174 5034 106.
2252 4982 2297 5013 ⁸⁸
2338 4982 2460 5036 Act.
2506 5000 2552 5049 t,
2593 4985 2685 5039 55.

1998 5144 2326 5207 Francisci
2358 5148 2567 5209 Scorsi
2599 5156 2781 5210 notua.

835 5272 948 5342 i89)
995 5270 1095 5326 Per
1150 5281 1385 5324 statuunt
1437 5271 1803 5323 stabilitatem.
1865 5267 1997 5323 Vide
2053 5268 2200 5324 dicta
2262 5270 2330 5324 ad

762 5345 908 5398 hom.
942 5344 1040 5405 50;
1075 5342 1162 5395 ubi
1194 5345 1438 5394 eamdem
1478 5357 1587 5394 rem
1618 5352 1830 5393 auctor.

831 5413 944 5481 (90)
986 5412 1085 5465 Sed
1139 5412 1287 5479 facta
1321 5418 1497 5473 erant,
1534 5422 1643 5464 etc.
1679 5409 1834 5463 Disce
1868 5408 2220 5481 CXAIIOCJOCO
2256 5409 2329 5462 ita

765 5477 960 5535 sensus
1009 5477 1326 5548 allegoricos
1354 5492 1405 5533 et
1438 5481 1800 5548 tropologicos
1835 5480 1904 5531 ah
1939 5479 2041 5533 hoc
2066 5477 2229 5532 Patre
2257 5494 2326 5531 cx

763 5551 966 5620 EVang.
990 5560 1047 5604 et
1078 5549 1289 5606 Veteris
1313 5550 1648 5604 Testamenti
1678 5550 1812 5603 locis
1844 5548 2047 5613 afferri,
2075 5560 2132 5601 ut
2164 5550 2331 5601 histo-

764 5623 934 5673 ricum
988 5636 1083 5674 seu
1134 5620 1422 5674 litteralem
1473 5634 1695 5673 sensum
1753 5621 1977 5673 omnino
2033 5626 2329 5687 supponat,

762 5692 905 5757 quod
948 5691 1033 5743 hic
1072 5692 1271 5745 diserte
1301 5693 1582 5756 prolitetur
1611 5690 1860 5755 idemque
1887 5690 1975 5743 ubi
2008 5702 2112 5741 non
2146 5690 2330 5757 expri-

766 5760 884 5821 mit,
906 5769 990 5813 est
1029 5761 1459 5828 intelligendum,
1496 5761 1636 5828 quod
1670 5767 1724 5813 et
1762 5761 1829 5812 ab
1857 5759 2112 5813 omnibus
2143 5758 2328 5811 itidem

1656 5829 1863 5884 Latinis
1895 5829 2201 5883 factitatum
2236 5845 2248 5881 :
2282 5828 2326 5881 si

763 5828 1013 5884 Patribus
1064 5828 1267 5885 Grtncis
1333 5844 1486 5897 teque
1538 5846 1599 5883 ac

2440 5274 2562 5340 quis
2593 5273 2786 5341 legerit
2829 5271 2889 5326 Ι).
2939 5274 3170 5339 Gregor.
3218 5272 3417 5328 similia
3462 5271 3588 5328 huic
3644 5272 3791 5326 dicto
3847 5272 4029 5328 Theo-

2440 5343 2634 5410 phanis
2664 5344 2905 5397 inveniet
2938 5345 3167 5412 plurima
3192 5358 3206 5395 :
3231 5353 3393 5411 atque
3422 5342 3510 5396 hic
3541 5343 3691 5397 locus
3720 5345 4021 5398 confirmat

2439 5412 2582 5465 dicta
2617 5429 2646 5466 a
2698 5416 2855 5466 nobis
2898 5415 2947 5466 in
2999 5413 3245 5469 eamdem
3295 5428 3431 5474 rem,
3471 5413 3619 5467 hom.
3658 5413 3755 5476 45,
3792 5424 3909 5468 not.
3938 5413 4024 5468 25.

2514 5482 2628 5554 (9|)
2670 5482 2908 5536 Andreus
2952 5498 3090 5545 vero,
3120 5492 3252 5554 etc._
3284 5482 3516 5554 Etymon
3543 5482 3799 5554 Graecum
3868 5485 4023 5551 hujus

2447 5552 2681 5606 nominis
2710 5555 3059 5620 perspicuum
3095 5562 3211 5621 est.
3241 5552 3688 5621 ‘Avapeiaienint
3726 5553 4019 5620 fortitudo,

2444 5632 2500 5693 et
2533 5618 2777 5693 ἀνδρεῖος
2805 5618 2961 5693 [ortis
2989 5622 3097 5675 ἀπὸ
3128 5620 3223 5674 τοῦ
3261 5618 3480 5693 ἀνδρός.
3508 5618 3641 5693 Nam
3673 5618 3775 5676 viri
3806 5623 4022 5690 propria

2444 5692 2741 5757 fortitudo;
2771 5700 2826 5745 et
2855 5691 3065 5749 Latinis
3111 5693 3277 5750 etiam
3316 5691 3512 5748 nomen
3560 5692 3640 5745 τίεν
3672 5707 3704 5747 a
3738 5695 3815 5759 ei,
3851 5708 3948 5748 seu
3995 5708 4022 5745 a

2443 5762 2639 5816 viribus
2668 5763 2980 5818 deductum.
