4184 6440
141 395 241 461 901

1566 415 1896 478 HOMILIA
1940 420 2009 483 Ι..

3326 424 3432 493 902

144 513 161 544 ‘
200 514 464 585 Είστήκει
497 515 526 569 ό
596 518 855 588 Ἰωάννης
905 519 1114 592 ἠρέμα,
1174 524 1291 587 πῶς
1346 522 1585 581 ἐνταῦθα
1643 528 1726 599 τὴπ

1848 532 2106 587 culationi
2144 543 2341 590 nostra:
2383 537 2610 594 historia
2654 550 2917 597 consonet
2942 540 3079 614 (92).
3111 540 3246 599 Cum
3282 551 3428 603 enim

144 605 341 657 στάσιν
373 608 713 678 ἡρμήνευσε.
749 613 822 665 Τὸ
849 614 959 684 γὰρ
984 616 1188 679 εἰπεῖν,
1252 635 1270 668 s
1328 619 1437 671 Ἴδε
1464 623 1491 672 ὁ
1536 620 1735 691 Ἀμνδς

138 696 235 749 τοῦ
275 696 440 764 Θεοῦ,
480 720 497 753 ι
531 702 761 768 ἔνδειξίς
787 706 960 771 ἐστιν,
991 707 1068 771 ὡς
1094 709 1333 774 ἀκλινῶς
1366 712 1603 782 ἔστηκεν
1656 716 1736 778 είς

138 791 205 842 τὰ
235 791 471 856 δόξαντα
507 796 794 864 πρότερον.
818 792 987 862 Οὗτος
1023 801 1133 869 γὰρ
1156 803 1302 872 αἴρει
1329 806 1427 873 τὴν
1451 805 1736 874 ἁμαρτίαν

138 882 234 933 τοῦ
263 883 496 952 κόσμου,
531 886 814 955 βαπτίζων
860 890 919 942 ἐν
954 894 1253 962 πνεύματι,
1283 896 1379 947 καὶ
1402 897 1559 966 πυρί.
1593 898 1734 950 Ἀλλ’

138 974 689 1046 ἐμφιλοχωρήσωμεν
720 980 1156 1053 φιλοπονώτερον
1218 985 1297 1057 τῷ
1331 987 1589 1057 νοήματι.
1626 992 1739 1044 Ka-

140 1062 323 1128 θάπερ
358 1067 466 1137 γὰρ
499 1068 608 1120 ἀπὸ
634 1069 900 1140 λειμῶνος
935 1074 1298 1143 πολυανθοῦς,
1338 1081 1399 1131 οὐ
1462 1080 1606 1134 θέλει
1642 1099 1737 1135 τα-

138 1156 286 1224 χέως
318 1162 351 1227 ἡ
380 1159 504 1228 ὄψις
532 1163 895 1231 ἀφίστασθαι,
918 1165 1094 1230 οῦτως
1117 1168 1229 1236 ἐγὼ
1247 1170 1337 1223 τὸν
1375 1172 1734 1241 εὐαγγελικδν

141 1248 393 1315 λειμῶνα
453 1252 797 1323 περιαθρῶν,
852 1258 1218 1329 ἐνδιατρίϐειν
1280 1262 1495 1326 τούτοις
1555 1265 1731 1320 ποθῶ.

137 1342 275 1392 eoas
309 1345 420 1412 γὰρ
459 1345 518 1396 τὸ
549 1347 858 1416 ἐμϐλέψας
880 1352 1204 1418 τῷἸησοῦ,
1245 1356 1551 1427 βαθυτέρας
1597 1358 1733 1411 θεω-

140 1435 263 1501 ρίας
286 1436 664 1506 ἀπήλλακται.
696 1444 759 1494 Ei.
788 1445 896 1514 γὰρ
926 1448 1057 1515 περὶ
1094 1450 1415 1517 σωματικῆς
1447 1450 1575 1514 θέας
1602 1454 1733 1521 ἡμῖν

135 1527 432 1595 διελέγετο,
470 1530 624 1586 εἶπεν
652 1536 718 1588 ἂν
748 1537 950 1606 μᾶλλον
977 1540 1286 1609 ἐμϐλέψας
1324 1544 1436 1596 τόν
1462 1543 1729 1613 Ἰησοῦν.

139 1618 256 1669 Νῦν
292 1620 352 1671 δὲ
400 1625 469 1691 τῇ
534 1623 721 1696 δοτικῇ
804 1630 1057 1699 σημασίᾳ
1126 1630 1479 1701 χρησάμενος
1534 1633 1732 1704 νοητὴν

140 1708 421 1777 ἐδήλωσεν
454 1716 667 1785 ὅρασιν,
716 1718 802 1772 ἴνα
836 1721 1032 1791 μηδ’ὲν
1078 1724 1254 1794 τούτῳ
1310 1725 1418 1777 τῶν
1458 1744 1731 1797 προφητι-

138 1806 252 1855 κῶν
277 1808 586 1879 ἀπολειφθῇ
625 1812 1005 1882 ἐκφαντοριῶν
1026 1830 1040 1845 ·
1078 1815 1329 1869 τοιαῦται
1360 1820 1471 1889 γάρ
1505 1820 1730 1872 καὶτῶν

1837 623 2089 689 dixisset,
2124 626 2267 695 quod
2306 646 2325 679 ι
2366 628 2557 683 Stabat
2586 629 2854 698 Joannes,
2891 652 2910 684 ι
2940 634 3069 702 quid
3100 650 3198 706 per
3229 644 3427 691 statum

1836 716 2177 784 signiﬁcaret
2201 757 2215 780 ,
2250 718 2339 774 hic
2373 722 2539 775 tacite
2576 724 2977 791 quodammodo
3012 726 3430 795 interpretatur.

1838 806 1950 860 Hoc
1979 809 2123 861 enim
2148 810 2325 877 ipsum
2364 815 2507 881 quod
2542 813 2675 868 dicit
2716 833 2729 868 :
2783 834 2801 866 ‹
2836 816 2978 870 Ecce
3012 833 3181 886 agnus
3215 818 3345 884 Dei,
3395 839 3415 873 ι

1837 895 2043 950 indicio
2065 907 2149 952 est
2183 897 2356 967 ipsum
2387 900 2439 953 in
2470 901 2653 969 priore
2685 906 2956 958 sententia
2992 906 3220 961 ﬁrmiter
3243 922 3418 964 Stare.

1853 987 1950 1041 llic
1979 988 2241 1058 siquidem
2284 992 2422 1047 tollit
2451 1002 2674 1061 peccata
2708 997 2892 1049 mundi
2922 1036 2937 1061 ,
2974 999 3064 1067 qui
3115 998 3167 1051 in
3204 998 3424 1067 Spiritu

1839 1089 1895 1134 et
1925 1080 2034 1149 igni
2074 1081 2339 1150 baptizat.
2387 1084 2496 1139 Sed
2527 1087 2673 1138 enim
2713 1086 2765 1138 in
2797 1087 2898 1141 hoc
2927 1103 3086 1143 sensu
3115 1092 3428 1146 accuratius

1835 1173 2197 1239 expendendo
2243 1174 2479 1227 libenter
2535 1176 2912 1229 immOremur.
2967 1177 3136 1231 Sicuti
3191 1180 3337 1233 enim
3393 1197 3424 1235 a

1834 1274 1993 1334 prato
2023 1264 2218 1319 ﬂorum
2253 1268 2538 1329 varietate,
2569 1277 2620 1321 et
2655 1270 2809 1336 copia
2852 1267 3056 1322 referto
3091 1286 3196 1324 non
3222 1274 3428 1339 patitur

1835 1356 2017 1409 subito
2048 1357 2274 1410 obtutus
2307 1357 2504 1422 averti,
2535 1358 2613 1412 sic
2640 1374 2739 1423 ego
2771 1375 3021 1428 campum
3051 1364 3423 1432 evangelicum

1834 1447 2347 1514 circumspectans,
2412 1450 2463 1501 in
2530 1449 2613 1501 his
2665 1449 2872 1504 diutius
2925 1452 3209 1505 immorari
3278 1454 3422 1509 volo.

1834 1537 2021 1605 Neque
2046 1538 2191 1591 enim
2224 1540 2365 1606 quod
2396 1539 2471 1591 ait
2535 1538 2668 1608 (93),
2703 1539 2865 1610 345
2916 1541 3196 1611 ἐμϐλέψας
3223 1542 3420 1612 Ἰησοῦ,

1836 1628 1937 1680 hoc
1972 1637 2075 1691 est,
2114 1628 2397 1696 respiciens
2424 1628 2480 1679 in
2515 1625 2643 1680 Jesu
2668 1668 2683 1692 ,
2716 1627 3071 1697 profundiore
3110 1631 3425 1684 considera-

1837 1720 1983 1773 tione
2012 1730 2192 1773 tacat.
2231 1720 2287 1771 Si
2320 1718 2464 1772 enim
2505 1734 2828 1787 corporeum
2873 1720 3030 1773 nobis
3060 1721 3424 1789 signiﬁcasset

1834 1823 2139 1881 aspectum,
2158 1811 2378 1865 dixisset
2396 1810 2572 1879 potius
2600 1809 2875 1878 ἐμϐλέψας
2890 1808 2966 1879 τῷ
2986 1808 3296 1880 Ἰησοῦ,1ιοο
3319 1821 3421 1874 est,

139 1894 456 1963 βλεπόντων
481 1902 783 1972 προφητῶν
802 1906 860 1957 αἱ
887 1906 1112 1976 ὁράσεις
1140 1908 1459 1978 ἐτύγχανον.
1502 1910 1726 1979 Ἐμϐλέ-

1832 1901 2150 1970 Respiciens
2180 1901 2407 1967 Jesum;
2461 1915 2607 1955 nunc
2638 1912 2821 1955 autem
2876 1901 3277 1970 signiﬁcatione
3324 1901 3424 1956 da-

134 1994 243 2058 ψας
280 1987 378 2045 οῦν
407 1992 484 2063 τῷ
514 1997 574 2048 ἐν
612 1995 690 2065 τῷ
751 1995 964 2067 σώματι
1016 1999 1111 2051 τοῦ
1174 2000 1377 2069 Ἰησοῦ,
1445 2002 1727 2073 ἀφύρτως,

136 2086 232 2137 καὶ
265 2086 616 2155 ἀσυγχῦτως,
637 2088 733 2143 καὶ
762 2091 1086 2161 ἀχωρίστως
1104 2093 1361 2146 ἐνωθέντι
1390 2094 1550 2165 Λόγῳ
1567 2094 1726 2161 Θεοῦ,

137 2180 230 2231 καὶ
267 2180 359 2231 τὸν
395 2180 492 2232 ἕνα
526 2184 593 2251 τῇ
627 2182 927 2237 ὑποστάσει
964 2190 1315 2256 κατανοήσας
1347 2190 1413 2258 τῇ
1438 2188 1603 2256 φύσει
1648 2188 1729 2241 δι-

139 2270 331 2335 πλοῦν,
364 2270 466 2341 τὴν
493 2271 820 2346 θεολογικὴν
874 2279 1056 2347 ἀφῆκε
1126 2279 1334 2350 φωνὴν,
1376 2280 1439 2332 τὸ
1489 2281 1728 2349 ἑκάστης

136 2363 358 2430 φύσεως
387 2365 775 2438 θεσπιωδήσας
806 2371 1148 2440 κατάλληλον
1178 2389 1193 2403 ο
1264 2390 1283 2424 ι
1321 2373 1426 2426 Ἴδε
1458 2376 1486 2427 ό
1528 2375 1725 2444 ’Δμνὸς

134 2457 226 2509 τοῦ
243 2458 401 2519 Θεοῦ,
429 2460 646 2531 ὁαῑρων
674 2462 775 2532 τὴν
806 2464 1087 2535 ἁμαρτίαν
1116 2465 1206 2519 τοῦ
1243 2466 1472 2536 κόσμου.
1511 2486 1529 2519 ι
1565 2468 1728 2539 Ὁρᾷς

136 2551 228 2602 τοῦ
272 2552 395 2614 ἐνὸς
430 2553 673 2623 Χριστοῦ
711 2557 772 2607 τὸ
827 2556 937 2610 τῶν
975 2557 1072 2610 δύο
1119 2558 1338 2626 φύσεων
1425 2557 1725 2625 σῦνθετον;

146 2643 347 2709 Ἀμνὸν
380 2644 555 2695 είπὼν
583 2645 679 2697 τοῦ
713 2646 851 2699 Θεοῦ
898 2648 1156 2716 ἐμφαίνει
1213 2648 1273 2701 τὸ
1329 2648 1671 2721 πρόσλημμα
1709 2665 1722 2680 ·

133 2734 227 2786 τὶν
251 2736 463 2788 ἄκακον
499 2736 668 2798 ὅντως
725 2738 918 2807 ἀμνὸν,
955 2740 1048 2791 τὸν
1099 2740 1242 2809 ὑπὲρ
1290 2741 1449 2810 ἡμῶν
1493 2742 1725 2811 ἀχθέντα

134 2828 217 2888 εἰς
238 2827 636 2881 θάνατον.“ἰνα
687 2829 745 2882 δὲ
803 2831 878 2899 μὴ
933 2829 1089 2899 ψιλὸν
1146 2831 1437 2902 ἄνθρωπον
1493 2834 1726 2906 νομίσῃς

132 2920 348 2972 τουτονὶ
381 2922 473 2973 τὸν
508 2922 703 2990 ἀμνὸν,
739 2924 1073 2994 προστίθησι
1118 2925 1266 2993 μάλα
1293 2927 1537 2995 γοργῶς,
1586 2947 1604 2979 ι
1661 2929 1721 2981 '0

135 3010 307 3078 αἴρων
336 3012 438 3079 τὴν
471 3013 752 3082 ἁμαρτίαν
802 3015 897 3066 τοῦ
943 3015 1153 3083 κόσμου
1184 3034 1197 3047 ·
1232 3035 1251 3067 ›
1287 3017 1445 3069 τοῦτο
1502 3018 1612 3088 γάρ
1644 3017 1723 3087 τῷ

134 3101 390 3171 προτέρῳ
427 3105 666 3174 συνῆψεν
691 3108 829 3176 ὅπερ
846 3108 963 3159 ἐστὶ
983 3108 1287 3177 δηλωτικὸν
1314 3112 1413 3180 τῆς
1440 3088 1743 3181 θεότητος.⁸

134 3193 353 3261 Ἀνάγει
384 3197 443 3248 δὲ
472 3196 542 3247 δι’
573 3201 908 3267 ἀμφοτέρων
937 3200 1018 3261 είς
1051 3200 1149 3268 τὴν
1187 3194 1282 3253 τοῦ
1326 3203 1551 3255 Ἡσαΐου
1583 3223 1717 3275 προ-

134 3284 366 3353 φητείαν
399 3286 493 3339 τὸν
516 3290 732 3341 ἐπαΐειν
756 3290 1060 3359 δυνάμενον
1097 3294 1380 3361 μονονουχὶ
1409 3293 1720 3363 κεκραγώς·

136 3370 304 3440 Οὗτός
327 3381 445 3432 ἐστι
469 3381 602 3450 περὶ
632 3380 695 3433 οῦ
733 3380 964 3444 Ἡσαΐας
1003 3384 1190 3452 φησὶν,
1243 3402 1261 3433 ι
1297 3384 1385 3446 Ὠς
1449 3385 1725 3453 πρόϐατον

134 3470 221 3520 ἐπὶ
247 3470 471 3541 σφαγὴν
503 3471 667 3540 ἤχθη,
690 3474 786 3525 καὶ
802 3473 877 3534 ὡς
901 3473 1073 3541 ἀμνὸς
1106 3474 1353 3526 ἐναντίον
1375 3472 1469 3525 τοῦ
1507 3474 1722 3543 κείρον-

134 3576 219 3620 τος
281 3562 475 3615 αὐτόν.
519 3564 689 3625 Αὐτὸς
722 3563 822 3626 τὰς
861 3564 1092 3634 ἀνομίας
1118 3564 1276 3633 ἡμῶν
1306 3565 1599 3629 ἐϐάστασε,
1630 3566 1724 3619 κα)⁵

133 3653 210 3721 τῷ
240 3655 477 3724 μώλωπι
506 3655 670 3707 αὑτοῦ
703 3658 864 3727 ἡμεῖς
897 3657 1187 3728 ίάῡημεν.»

1836 1992 1931 2046 tivi
1971 2007 2121 2053 usus,
2159 1992 2502 2060 spiritualem
2532 1992 2798 2047 indicavit
2831 1991 3123 2055 intuitum,
3158 2003 3215 2047 ut
3249 2008 3424 2063 neque

1836 2083 1924 2138 hic
1984 2083 2424 2152 propheticarum
2501 2084 2902 2139 revelationum
2970 2098 3169 2153 expers
3230 2084 3420 2140 fuerit.

1833 2175 2152 2245 Hnjusmodi
2194 2177 2339 2230 enim
2388 2176 2686 2231 videntium
2740 2177 3128 2245 prophetarum
3184 2178 3423 2232 visiones

1831 2281 2007 2324 erant.
2054 2269 2189 2325 Cum
2236 2271 2401 2341 igitur
2448 2272 2731 2340 conlectus
2776 2279 2925 2326 esset
2954 2271 3075 2340 ejus
3109 2271 3331 2325 obtutus
3370 2272 3422 2325 in

1828 2362 1957 2417 Jesu
2009 2378 2210 2432 corpus
2242 2404 2258 2428 ,
2310 2363 2453 2432 quod
2505 2364 2624 2417 sine
2675 2363 3057 2417 commistione
3100 2361 3212 2433 (94)
3242 2403 3257 2428 ,
3307 2364 3425 2418 sine

1830 2452 2154 2508 confusione
2185 2493 2200 2518 ,
2241 2454 2360 2508 sine
2396 2453 2662 2506 divisione
2707 2452 2799 2508 Dei
2838 2453 3004 2507 verbo
3029 2465 3149 2508 crat
3186 2454 3419 2521 unitum,

1829 2554 1883 2601 et
1920 2561 2089 2600 unum
2136 2545 2189 2599 in
2226 2546 2502 2616 bypostasi
2543 2546 2873 2616 intelligeret
2912 2560 3064 2609 eum.
3099 2546 3192 2615 qui
3226 2556 3422 2601 natura

1829 2639 2027 2708 duplex
2064 2652 2206 2704 erat,
2249 2656 2439 2694 vocem
2492 2642 2636 2694 illam
2668 2641 2853 2696 divina
2905 2641 3150 2695 doctrina
3204 2643 3421 2712 plenam

1828 2728 2034 2793 emisit,
2054 2745 2158 2798 qua
2177 2731 2305 2801 quid
2337 2738 2483 2783 esset
2504 2729 2796 2798 unicuique
2828 2739 3040 2783 naturae
3066 2730 3420 2795 conveniens,

1834 2819 2022 2872 divino
2050 2820 2274 2875 oraculo
2310 2821 2550 2877 cecinit:
2593 2845 2611 2872 ι
2650 2819 2790 2875 Ecce
2813 2836 2989 2890 agnus
3016 2819 3134 2887 Dei,
3166 2822 3255 2891 qui
3287 2821 3423 2875 tollit

1830 2918 2115 2977 peccatum
2151 2910 2358 2965 mundi.
2398 2928 2416 2961 ι
2474 2908 2641 2965 Vides
2679 2912 2731 2963 in
2786 2925 2893 2963 uno
2926 2909 3146 2963 Christo
3192 2911 3421 2963 duarum

1832 3010 2155 3053 naturarum
2205 2999 2682 3068 compositionem.
2718 3000 2853 3054 Cum
2888 3000 3023 3053 dicit
3060 3014 3261 3068 agnum
3301 2998 3419 3062 Dei,

1828 3108 2163 3163 assumptam
2202 3094 2596 3147 humanitatem
2632 3068 2893 3147 .ostendit
2919 3133 2934 3155 ,
2986 3108 3187 3162 agnum
3231 3108 3421 3149 revera

1828 3185 2174 3239 innocentem
2203 3199 2298 3253 pro
2331 3185 2488 3237 nobis
2519 3183 2747 3236 ductum
2778 3182 2847 3237 ad
2894 3193 3148 3237 mortem.
3180 3181 3257 3235 Ne
3291 3198 3423 3236 vero

1833 3291 2030 3345 purum
2062 3276 2336 3329 hominem
2363 3274 2509 3329 hunc
2544 3289 2743 3343 agnum
2769 3275 3137 3338 existimares,
3170 3276 3420 3342 protinus

1830 3368 2080 3423 addidit:
2119 3386 2137 3419 ‹
2172 3367 2274 3433 Qui
2304 3367 2443 3421 tollit
2475 3376 2760 3436 peccatum
2790 3366 3017 3431 mundi;
3059 3382 3079 3417 ι
3121 3366 3223 3420 hoc
3249 3367 3419 3434 enim,

1829 3462 1975 3531 quod
2022 3470 2106 3517 est
2161 3460 2469 3515 divinitatis
2525 3460 2782 3514 indicium
2813 3498 2829 3524 ,
2876 3459 3046 3528 priori
3099 3457 3417 3513 connexuit.

1828 3553 1932 3609 Per
1966 3563 2261 3620 utrumque
2312 3566 2446 3606 vero
2495 3551 2701 3606 dictum
2754 3550 2821 3605 ad
2874 3550 3027 3604 Isaia:
3073 3547 3415 3619 prophetiam

1832 3676 2067 3719 mentem
2095 3663 2213 3732 ejus
2238 3662 2502 3727 traducit,
2534 3663 2629 3732 qui
2666 3663 2859 3717 audire
2887 3661 3082 3731 possit,
3114 3662 3277 3715 modo
3307 3675 3413 3713 non

131 3752 370 3804 clamans
402 3768 416 3803 :
456 3750 555 3804 llic
585 3762 669 3805 est
692 3752 758 3805 de
781 3766 888 3819 quo
916 3751 1088 3805 Isaias
1117 3753 1250 3806 dicit
1281 3771 1293 3807 :
1334 3771 1354 3805 ι
1398 3753 1467 3810 Ut
1494 3758 1613 3812 ovis
1651 3757 1718 3811 ad
1758 3759 2087 3812 occisionem
2125 3758 2323 3809 ductus
2353 3765 2458 3822 est,
2494 3764 2547 3811 et
2575 3766 2634 3810 ut
2667 3770 2839 3826 agnus
2873 3770 3093 3811 -coram
3160 3756 3416 3810 tondente

131 3860 200 3897 se.
241 3843 365 3909 Ipse
393 3844 707 3910 iniquitates
740 3854 953 3898 nostras
984 3847 1252 3912 portavit,
1280 3857 1334 3899 et
1368 3847 1536 3902 livore
1585 3850 1705 3919 ejus
1744 3852 1930 3907 sanati
1962 3864 2151 3903 sumus
2176 3849 2245 3903 '°.
2292 3866 2314 3900 ι

205 3934 369 4003 Ἀλλά
399 3951 467 4003 με
495 3934 847 4005 παρέδραμεν
882 3936 1263 4001 ἀνεξέταστον,
1302 3938 1417 4001 πῶς
1463 3939 1557 3993 τὸν
1591 3941 1697 4010 μὲν

142 4030 395 4098 Ἰωάννην
422 4030 644 4080 ἐστᾶναί
676 4045 828 4097 φησι,
861 4031 1187 4099 περιπατεῖν
1236 4030 1293 4083 δὲ
1335 4031 1428 4085 τὸν
1474 4031 1710 4101 Ἰησοῦν.

138 4139 153 4171 t
191 4124 451 4191 Είστήκει
511 4122 641 4192 γὰρ,
681 4124 867 4192 φησὶν,
900 4125 929 4176 ὁ
972 4124 1251 4194 Ἰωάννης,
1299 4125 1393 4177 καὶ
1434 4126 1713 4197 ἐμϐλέψας

131 4213 199 4281 τῷ
241 4213 421 4283 Ἰησοῦ
453 4214 871 4284 περιπατοῦντι.
912 4234 928 4265 ι
969 4212 1038 4267 Ἀ
1054 4232 1124 4284 ρα
1163 4216 1271 4287 γὰρ
1301 4217 1531 4271 οὐδοκεί
1553 4220 1712 4273 τοῦτο

130 4305 216 4355 καὶ
248 4306 383 4373 ὑμῖν
419 4305 571 4367 ἄξιον
602 4307 910 4370 ἐξετάσεως
936 4325 949 4372 ;
984 4308 1121 4377 Φέρε
1148 4308 1213 4378 δὴ
1244 4311 1501 4381 καθάπερ
1528 4312 1713 4383 ἀφυὴς

134 4396 404 4465 ίεριστὴς,
438 4396 499 4448 τὸ
532 4397 846 4467 παροραθὲν
874 4399 1293 4469 καλαμήσομαι.
1327 4399 1390 4454 Ἥ
1414 4402 1508 4455 τοῦ
1530 4402 1715 4457 Ἰωάν-

131 4504 212 4538 νου
248 4487 670 4560 στάσις,ἐὸήλου
701 4491 821 4559 μὲν,
853 4491 928 4553 ὡς
950 4491 1113 4564 ἔφην,
1140 4492 1235 4545 καὶ
1255 4492 1357 4561 τῆς
1371 4497 1714 4566 προφητείας

200 4671 241 4701 ⁸³
281 4669 388 4723 lsa.
433 4684 566 4742 Litt,
605 4672 709 4728 45.

1895 3942 2001 3998 Sed
2030 3941 2156 3996 illud
2194 3955 2280 3995 me
2320 3956 2427 3997 non
2455 3941 2764 3996 discussum
2814 3938 3101 4009 praeteriit,
3125 3955 3229 4009 qua
3251 3953 3412 3995 causa

1818 4034 2080 4089 Joannem
2116 4035 2336 4103 quidem
2385 4036 2627 4097 stetisse,
2659 4033 2846 4088 Jcsuin
2889 4048 3019 4086 vero
3049 4034 3249 4086 dixerit
3285 4049 3405 4085 ant-

1820 4127 2074 4181 bulasse;
2117 4145 2136 4179 ι
2167 4127 2359 4182 Stabat
2385 4127 2533 4182 enim
2561 4128 2640 4180 ait
2678 4124 2936 4190 Joannes,
2994 4133 3050 4178 et
3102 4124 3411 4193 respiciens

1820 4216 2005 4272 Jesuut
2051 4218 2442 4273 ambulantem.
2483 4236 2502 4269 ι
2566 4220 2646 4271 An
2683 4218 2787 4271 boc
2832 4218 2987 4271 vobis
3024 4218 3248 4286 dignum
3301 4232 3408 4270 nou

1820 4311 2035 4365 videtur
2088 4311 2230 4381 quod
2305 4309 2725 4380 expendamus?
2798 4309 2910 4377 Age
2966 4308 3079 4377 jam
3147 4316 3409 4374 tanquam

1823 4401 2039 4473 ineptus
2074 4417 2308 4467 messor,
2351 4403 2617 4456 demetam
2667 4400 2811 4471 quod
2847 4397 3277 4468 pr:ctertnissum
3301 4404 3407 4449 est.

1822 4496 2051 4551 Joannis
2084 4505 2264 4551 status
2308 4494 2607 4566 prophetia:
2642 4495 2959 4548 ﬁrmitatem
3022 4490 3321 4554 indicabat,
3353 4497 3410 4541 ut

1367 4759 1695 4821 Francisci
1726 4760 1938 4822 Scorsi
1978 4771 2168 4824 notte.

195 4890 302 4958 t99.)
350 4886 504 4950 Quod
536 4883 884 4955 speculationi
920 4889 1114 4958 nostra:
1141 4878 1376 4958 historia
1405 4887 1688 4958 consonat.

133 4948 337 5011 lta‘hoc
370 4948 489 5009 loco
522 4948 732 5008 traduxi
769 4967 952 5007 vocem
985 4950 1220 5018 θεωρίαν
1265 4967 1278 5001 :
1323 4948 1419 5001 sed
1465 4962 1518 5001 et
1572 4950 1692 5001 aliis

132 5030 242 5079 alibi
272 5028 456 5079 verbis
482 5026 726 5079 eamdem
759 5039 894 5087 rem,
918 5020 1125 5089 θεωρία
1151 5020 1349 5087 quippe
1382 5020 1533 5086 παρὰ
1559 5018 1695 5069 θεω-

1725 4888 1770 4945 n
1799 4881 2126 4951 simpliciter
2152 4884 2356 4937 vertit:
2394 4880 2491 4936 ΕΓ
2520 4884 2806 4951 respiciens
2846 4882 3050 4935 Jcsum.
3088 4880 3162 4951 Es
3201 4880 3405 4949 quibus

1806 4947 2019 5004 Latinis
2061 4954 2243 5007 nullus
2301 4947 2652 5020 Theophanis
2703 4968 2899 5007 sensus
2946 4961 3051 5005 εει.
3090 4947 3280 5018 Itaque
3338 4953 3397 5004 in

1806 5022 2058 5093 versione
2094 5020 2288 5093 Latina
2324 5025 2558 5093 apposui
2606 5025 2774 5076 etiam
2809 5022 3000 5076 Grasca
3040 5034 3165 5072 cum
3228 5021 3400 5093 inter-

134 5091 1355 5163 pars,contemplari,specutnri,undesensum
1380 5094 1689 5163 mysticum,
1799 5092 2114 5163 pretatioue
2176 5090 2553 5146 Latina'illis
2624 5104 3034 5155 consentanea;
3111 5098 3169 5141 ut
3230 5090 3408 5143 lector

133 5157 233 5221 sive
265 5157 656 5233 tropologicum
694 5157 1540 5233 Osicpiavappellat‘hicnoster
1570 5159 1691 5223 plu-
1791 5157 2297 5233 Graecigsermouis
2350 5165 2575 5232 ignarus
2628 5164 2818 5217 statim
2871 5164 2979 5216 vim
3005 5199 3021 5226 ,
3053 5168 3111 5212 et
3159 5170 3398 5213 mentem

131 5238 280 5290 scutis
315 5226 447 5289 locis
472 5226 508 5297 ς’
551 5237 783 5300 itemque
810 5226 902 5283 'alti
937 5226 1146 5283 Pati-es.
1197 5228 1351 5300 A__pud
1402 5228 1462 5280 ι).
1496 5226 1680 5300 Hi_et'o-
1789 5231 2033 5300 auctoris
2058 5226 2519 5296 deprehendisret.

133 5320 337 5373 ttynlum
378 5308 659 5357 observavi
700 5298 985 5368 allegorias
1020 5313 1188 5373 sacrae
1220 5298 1684 5373 Scripturteﬂstp-
1824 5299 1970 5373 Δ(94)
2010 5302 2163 5364 Quod
2194 5304 2308 5356 sine
2363 5304 2750 5357 commistione.
2787 5302 2931 5355 Satis
2976 5298 3302 5373 theologice.
3338 5309 3398 5373 et

135 5368 240 5441 ρὲας
286 5377 495 5427 vocari.
535 5373 609 5426 Ita
670 5372 834 5425 etiam
869 5372 1375 5442 animadversiones
1409 5378 1462 5418 et
1492 5368 1683 5442 obscr-
1783 5369 1942 5442 plane
1972 5373 2298 5426 scholastice
2327 5373 2568 5442 loquitur
2604 5374 2690 5426 hic
2717 5374 2892 5433 Pater,
2919 5380 2975 5422 ut
3000 5385 3143 5436 saepe
3176 5370 3310 5442 alias
3337 5371 3394 5442 in

133 5436 361 5499 rationes
395 5447 540 5512 ipsas
571 5443 808 5512 θεωρίας
835 5440 1090 5512 appellari
1138 5439 1583 5512 nota_t_Lacer_da,
1627 5436 1680 5489 in
1785 5436 1947 5512 hisce
1973 5443 2343 5512 sermonibus.
2383 5436 2450 5495 de
2514 5442 2775 5496 ineffabili
2849 5452 3121 5512 mysterio
3152 5439 3399 5512 Δυιιίοιιίιι

131 5506 623 5576 diversam-sacris,
674 5506 738 5564 ex
773 5506 1035 5573 Blesensi,
1078 5523 1197 5575 cap.
1250 5506 1337 5561 75.
1398 5506 1504 5560 Sed
1570 5508 1682 5559 hate
1784 5506 3195 5578 diviniYerbicumhumananatttra;etqnidemhic
3216 5508 3396 5575 ἀφύρ-

130 5594 295 5650 aperta
341 5597 466 5635 stltll
505 5582 693 5637 Graece
721 5581 946 5640 scienti;
981 5579 1199 5650 ﬁlerunt
1231 5587 1410 5631 tamen
1444 5578 1685 5632 breviter

1827 5597 1911 5643 υς,
1956 5581 2050 5632 καὶ
2107 5580 2450 5650 ἁσυγχύτως,
2494 5582 2588 5634 καὶ
2645 5581 2970 5650 ἁχωρίστως
3010 5592 3140 5650 eaut
3196 5579 3393 5630 lactant

129 5647 255 5708 a'tne
287 5654 669 5723 signiﬁcanda,
703 5662 760 5703 ut
793 5653 1048 5723 ominibus
1078 5649 1233 5723 ﬁeret
1275 5649 1431 5723 satis.
1525 5718 1537 5723 _
1644 5717 1653 5723 _
1786 5654 2042 5704 unionem
2075 5647 2645 5723 dici_t,'qu0t-unrdt_to
2684 5647 2961 5723 postrema
2998 5647 3217 5723 nomina
3265 5656 3392 5699 sunt

188 5725 289 5791 (95)
337 5716 524 5792 Neque
552 5725 690 5773 enim
725 5718 864 5790 quod
898 5719 997 5792 ait,
1027 5730 1133 5792 etc.
1174 5716 1299 5792 Haec
1333 5717 1689 5792 Theophanis
1787 5735 1850 5773 ex
1881 5734 2037 5792 conc.
2065 5716 2319 5792 Chalced.
2356 5731 2464 5775 act.
2500 5720 2553 5775 6.
2576 5716 2779 5775 Locum
2814 5719 2933 5773 vide
2966 5717 3193 5771 relatum
3224 5728 3389 5784 supra

131 5786 313 5861 ῧεωρία
334 5786 632 5845 admodum
655 5786 746 5859 pia'
761 5805 825 5844 ex
850 5790 1030 5861 verbis
1050 5786 1256 5861 Graecis
1280 5789 1498 5861 exsistit
1522 5786 1683 5839 Juan.

1830 5807 1941 5849 om.
1969 5789 2059 5857 48,
2094 5802 2207 5847 n0t.
2244 5790 2333 5844 00.

129 5877 141 5913 l
173 5881 183 5914 :
213 5858 300 5918 καὶ
338 5862 632 5933 ’ἐμϐλέψας
660 5858 755 5929 τῷ
797 5859 997 5929 Ἰησοῦ.
1044 5858 1174 5923 Qua:
1243 5871 1430 5914 uoster
1480 5858 1682 5926 itttcrp.
