4168 6456
734 425 844 489 903

1936 397 2431 464 THEOPHANIS
2468 395 2808 458 CERAMEI

3876 390 3993 454 904

737 534 886 591 dixi:
928 532 1107 599 imago
1134 539 1262 580 vero
1310 522 1481 578 etiam
1527 528 1647 573 erat
1697 513 2041 578 cessationis,
2090 520 2145 567 et
2185 509 2307 563 fluis

2442 507 2471 560 ὸ
2501 508 2720 576 πάγιον,
2753 507 2913 577 ἔφερε
2943 506 3000 560 δὲ
3032 508 3125 560 καὶ
3165 507 3337 562 τόπον
3366 510 3466 578 τῆς
3508 509 3742 579 νομικῆς
3772 508 3992 572 παύΑας

734 624 889 693 legis.
948 616 1258 675 Ambulatio
1312 627 1443 668 vero
1478 609 1604 664 Jesu
1634 604 2038 680 praatlicationis
2068 614 2306 670 evange-

736 717 856 771 lica:
904 709 1169 781 ﬁgurabat
1216 714 1461 760 motum:
1524 714 1645 772 quae
1691 698 1760 753 ab
1804 697 1973 768 ipsius
2033 695 2309 765 baptismo

736 806 966 875 sumpsit
992 801 1226 855 initium.
1281 797 1371 852 Sic
1398 795 1544 848 enim
1583 791 1749 847 etiam
1779 788 2074 844 secundum
2113 785 2294 839 histo-

739 899 873 951 riam
914 900 1037 962 post
1088 889 1410 956 baptismum
1470 882 1604 936 vidit
1643 878 1883 934 Joannes
1945 874 2312 931 ambulantem

670 1048 671 1051 η
736 991 966 1051 Jesum;
1002 980 1205 1037 inducit
1240 990 1370 1032 vero
1421 990 1508 1030 me
1539 974 1594 1028 itt
1649 972 1793 1025 hunc
1823 967 2156 1023 intellectum
2202 963 2308 1017 Ba-

742 1082 921 1150 ptistae
952 1076 1126 1144 ipsius
1186 1070 1493 1128 oraculum,
1526 1064 1739 1117 dixerat
1796 1059 1942 1115 enim
1997 1055 2316 1127 prophetico

740 1170 935 1239 spiritu
988 1167 1055 1220 de
1108 1163 1369 1218 Christo:
1415 1175 1432 1207 ι
1464 1154 1568 1222 Qui
1626 1152 1789 1208 habet
1837 1164 2113 1219 sponsam,
2146 1162 2313 1216 spon-

740 1276 834 1315 sus
865 1267 990 1313 est:
1027 1254 1238 1309 amicus
1292 1258 1473 1304 autem
1502 1246 1711 1315 sponsi,
1746 1244 1835 1311 qui
1886 1249 1997 1296 stat
2062 1246 2118 1293 et
2165 1240 2319 1291 audit

740 1365 897 1404 eum:
942 1358 992 1403 et
1027 1348 1175 1401 illum
1206 1347 1421 1411 oportet
1448 1346 1714 1399 crescere,
1742 1348 1827 1387 me
1851 1342 2034 1386 autem
2059 1329 2253 1391 minui,
2294 1344 2313 1378 ι

742 1444 786 1474 ⁸⁷
818 1441 1217 1495 incrementum
1277 1432 1489 1487 scilicet
1525 1425 1823 1497 Evangelii,
1872 1433 1927 1479 et
1956 1422 2094 1492 legis
2154 1418 2320 1491 3&6

744 1533 1159 1587 diminutionem
1184 1525 1457 1580 indicans.

821 1643 839 1673 σ
875 1623 945 1676 Ει
980 1620 1267 1673 audierunt
1321 1630 1443 1669 eum
1477 1612 1584 1666 duo
1608 1606 1857 1676 discipuli
1916 1607 2247 1673 loquentem,
2269 1607 2323 1654 et

745 1716 917 1772 secuti
957 1720 1086 1767 sunt
1139 1724 1331 1763 eum.»
1396 1705 1496 1761 Ubi
1551 1703 1731 1771 igitur,
1789 1698 1986 1767 inquit,
2023 1694 2317 1748 audierunt

744 1810 905 1862 ambo
956 1801 1227 1871 discipuli,
1281 1796 1450 1851 secuti
1487 1803 1611 1848 sunt
1644 1791 1853 1846 Jesum.
1886 1787 2039 1853 Quod
2091 1786 2134 1839 si
2157 1784 2323 1837 disci-

748 1901 906 1969 pulus
940 1910 1047 1948 non
1082 1893 1413 1951 nominatus,
1449 1888 1541 1956 qui
1592 1885 1645 1937 in
1694 1885 1917 1952 figuram
1943 1880 2141 1932 littera:
2162 1889 2324 1929 acce-

748 1966 872 2059 ptus
913 1998 1021 2051 est,
1071 1985 1316 2053 sequitur
1345 1994 1469 2035 cum
1515 1976 1752 2041 Andrea,
1820 1972 1957 2026 nihil
1991 1971 2085 2023 tibi
2125 1966 2324 2038 negotii

748 2084 1017 2136 facessat:
1058 2076 1214 2131 multi
1252 2074 1393 2127 enim
1424 2085 1487 2125 ex
1536 2066 1705 2123 veteri
1741 2066 1885 2120 cultu
1909 2063 2100 2133 jugum
2137 2061 2321 2114 Evan-

750 2174 870 2242 gelii
913 2172 1213 2233 subierunt,
1279 2184 1299 2217 ι
1332 2174 1388 2219 et
1434 2170 1719 2233 postquam
1754 2156 2033 2226 plenitudo
2086 2153 2327 2223 gentium

755 2262 1073 2324 intraverit,
1112 2278 1133 2310 ›
1201 2266 1261 2311 ιιι
1335 2254 1630 2325 Apostolus
1686 2247 2030 2319 loquitur",
2087 2242 2329 2313 reliquias

754 2353 969 2408 Israelis
1003 2351 1163 2406 salva:
1207 2347 1357 2403 fient.
1393 2364 1411 2397 ι

823 2444 889 2497 Ει
919 2458 1017 2498 nos
1048 2442 1212 2510 igitur
1250 2436 1587 2491 dilectissimi
1641 2448 1736 2504 per
1771 2427 2320 2498 contemplationem,

753 2537 1135 2601 actionemque
1186 2527 1469 2582 Christum
1504 2535 1613 2578 tam
1648 2524 1848 2577 bonum
1890 2521 2178 2575 Dominum
2204 2531 2335 2571 con-

754 2639 1075 2693 sequamur,
1110 2622 1237 2675 vitte
1281 2620 1423 2689 eius,
1474 2630 1634 2684 quam
1678 2615 1730 2667 in
1770 2612 1932 2666 terris
1980 2609 2179 2671 tenuit,
2238 2622 2328 2659 ra-

758 2718 959 2769 tionem
1018 2719 1278 2779 quantum
1335 2708 1388 2760 in
1452 2704 1611 2758 nobis
1666 2703 1830 2757 situm
1864 2709 1970 2763 est,
2028 2699 2325 2752 imitantes.

758 2808 983 2859 l’eecata
1042 2811 1231 2856 nostra
1280 2813 1374 2867 per
1402 2798 1803 2864 eleemosyuam
1842 2791 2159 2846 deleamus:
2191 2802 2334 2857 pau-

760 2897 979 2965 peribus
1020 2893 1229 2945 viscera
1268 2886 1657 2941 misericordiae
1711 2882 2042 2953 aperiamus.
2094 2878 2332 2931 Interro-

761 3000 948 3049 genius
987 2994 1042 3037 et
1074 2996 1175 3036 nos
1223 2979 1509 3033 Dominum
1536 2974 1697 3029 sicuti
1754 2985 1981 3039 magnus
2038 2969 2325 3021 Andreas:

768 3096 787 3129 ι
814 3076 1035 3130 Domine
1065 3073 1151 3125 ubi
1186 3068 1443 3125 habitas?
1478 3085 1497 3119 ι
1527 3066 1774 3119 Sciemus
1793 3062 1936 3115 enim
1982 3074 2106 3115 eum
2138 3058 2191 3112 in
2217 3056 2336 3125 ejus

765 3173 926 3224 corde
952 3166 1198 3221 habitare
1233 3165 1322 3231 qui
1361 3161 1671 3214 misericors
1693 3165 1797 3221 est,
1826 3162 1880 3207 et
1910 3152 2198 3220 benignus,
2244 3148 2333 3217 qui

765 3265 1025 3316 adtersus
1058 3257 1365 3327 proximum
1398 3266 1501 3304 non
1535 3247 1685 3302 fovet.
1709 3245 1989 3307 invidiam,
2033 3242 2123 3310 qui
2154 3239 2337 3303 furtis,

765 3365 815 3405 et
856 3349 1072 3419 injustis
1123 3343 1384 3412 Operibus
1421 3354 1525 3393 non
1565 3335 1808 3395 ditescit,
1839 3333 1929 3400 qui
1987 3337 2226 3397 accepta:
2256 3328 2339 3380 in-

764 3445 920 3512 juriae
979 3438 1296 3493 memoriam
1342 3447 1449 3486 non
1498 3435 1678 3483 servat
1713 3426 1767 3480 in
1816 3423 2021 3487 animo,
2055 3417 2340 3488 quiollen-

770 3538 983 3589 dentem
1031 3530 1247 3584 fortiter
1280 3525 1476 3579 tolerat
1504 3536 1517 3572 :
1548 3521 1603 3573 in
1633 3514 1896 3584 ejusmodi
1932 3513 2111 3566 anima
2163 3518 2344 3563 manet

774 3630 931 3681 Deus.
986 3623 1411 3677 Permaneamus
1445 3615 1500 3667 in
1554 3608 1845 3680 praeceptis
1895 3603 2124 3665 Christi,
2178 3599 2341 3654 sicuti

771 3722 874 3772 duo
905 3712 1153 3782 discipuli
1222 3719 1476 3761 mansere
1520 3700 1660 3775 apud
1692 3700 1887 3766 ipsum,
1918 3692 2166 3748 fortassis
2198 3690 2342 3745 enim

771 3822 825 3864 et
876 3807 1030 3861 nobis
1063 3798 1347 3857 undecinia
1385 3798 1516 3851 hora
1546 3802 1668 3855 est;
1723 3787 1883 3843 sicuti
1922 3786 2063 3839 enim
2101 3784 2216 3837 hmc
2253 3795 2344 3836 ex-

772 3909 1002 3951 tremum
1049 3893 1154 3945 diei
1176 3898 1279 3951 est,
1313 3888 1394 3940 sic
1435 3881 1814 3950 unusquisque
1869 3886 2112 3928 nostrum
2148 3885 2345 3939 appro-

774 3990 998 4057 pinquat
1035 3984 1100 4036 ad
1128 3982 1309 4033 liuent.
1342 3974 1484 4029 Mors
1522 3973 1721 4042 quippe
1741 3968 1897 4021 nobis
1922 3978 2137 4032 semper
2168 3962 2340 4016 tendit

775 4055 1022 4141 insidias,
1073 4081 1128 4126 et
1167 4085 1234 4125 ex
1264 4068 1368 4123 levi
1416 4065 1629 4135 quavis.
1690 4073 1745 4116 et
1780 4058 2007 4115 fortuita
2061 4055 2347 4109 occasione

776 4185 875 4224 nos
907 4165 1240 4235 aggreditur.
1272 4160 1405 4225 Quis
1429 4157 1591 4226 igitur
1614 4154 1702 4208 hic
1724 4153 1962 4221 optimus
1988 4149 2347 4216 dispensator,

775 4274 829 4316 et
871 4261 1064 4314 animo:
1122 4270 1234 4310 sua“.
1269 4260 1609 4321 procurator,
1646 4248 1738 4315 qui
1770 4243 1930 4297 ﬂuxis
1972 4242 2198 4310 hujusce
2226 4235 2350 4289 vitae

778 4352 936 4405 bonis
990 4362 1084 4417 per
1110 4346 1512 4413 eleemosyuam
1551 4339 1789 4407 erogatis
1830 4336 2044 4389 beatam
2074 4340 2346 4384 mercetur

779 4445 968 4505 vitam,
997 4449 1285 4506 antequam
1316 4449 1411 4502 per
1458 4441 1687 4484 mortem
1746 4426 2006 4494 frequens
2044 4430 2348 4476 conventus

781 4534 869 4586 hic
922 4530 1230 4585 dirimatur.
1289 4523 1520 4579 Andreas
1548 4520 1724 4590 primo
1758 4516 1937 4571 vocati
1993 4513 2204 4568 virilem
2237 4510 2349 4565 for-
2381 4521 2428 4575 ι)

782 4621 1068 4675 titudinem
1114 4616 1410 4670 imitemur.
1446 4610 1615 4667 Scitis
1646 4610 1787 4663 enim
1811 4620 2023 4669 omnes,
2056 4613 2192 4673 quot
2241 4616 2353 4654 uta-

783 4726 917 4781 guns
942 4702 1245 4776 bic'Sinope
1270 4705 1383 4773 (95)
1403 4704 1574 4771 prius,
1606 4708 1791 4766 postea
1821 4695 2002 4750 Patris
2053 4692 2355 4762 pertulerit,

783 4816 841 4858 et
870 4818 981 4872 quo
1017 4810 1173 4869 pacto
1205 4806 1451 4867 agrestes
1486 4794 1561 4847 illi
1582 4793 1829 4845 homines
1864 4787 2165 4842 bestiarum
2200 4797 2351 4838 more

2414 602 2509 653 καὶ
2541 601 2808 663 στάσεως.
2847 602 2910 653 'H
2939 599 2994 652 δὲ
3021 600 3116 654 τοῦ
3154 603 3332 672 Ἰησοῦ
3370 605 3739 672 περιπάτησις
3770 604 3869 675 τὴν
3889 603 3993 656 τοῦ

2413 692 2772 761 εὖαγγελικοῦ
2845 692 3201 763 κηρύγματος
3253 694 3469 763 κίνησιν
3521 694 3836 765 ἀρξαμένην
3890 697 3994 750 ἀπ’

2416 784 2583 838 αὐτοῦ
2653 785 2751 839 τοῦ
2814 785 3215 854 βαπτίσματος.
3281 785 3468 849 Οὕτως
3524 789 3631 855 γὰρ
3704 788 3996 859 ἱστορικῶς

2414 880 2443 930 ὁ
2481 878 2735 947 Ἰωάννης
2761 877 2898 944 μετά
2918 877 2981 929 τὸ
3015 877 3301 947 βάπτισμα
3329 880 3740 947 περιπατοῦντα
3760 875 3869 932 εῐδε
3897 878 3998 931 τὸν

2415 967 2643 1037 Κύριον.
2676 967 2861 1020 Πείθει
2898 968 2955 1021 δέ
3005 986 3073 1039 με
3114 969 3240 1040 τῇδε
3272 972 3415 1024 νοεῖν
3451 972 3513 1025 τὸ
3545 972 3641 1026 τοῦ
3680 972 3996 1026 Βαπτιστοῦ

2416 1058 2790 1129 θεπιὼδημα.
2814 1060 3038 1133 Είρήκει
3065 1064 3172 1133 γάρ
3195 1081 3295 1115 που
3326 1064 3687 1135 προφητεύων
3709 1066 3839 1135 περὶ
3859 1066 4001 1133 Χρι-

2421 1151 2549 1205 στοῦ
2575 1169 2591 1184 ο
2628 1169 2648 1203 ι
2698 1152 2759 1205 '0
2789 1152 2930 1222 ἔχων
2960 1154 3062 1224 τὴν
3096 1154 3339 1226 νύμφην,
3379 1159 3616 1226 νυμφίος
3654 1159 3804 1211 ἐστίν
3831 1176 3846 1191 ·
3874 1163 3901 1213 ὁ
3939 1163 3999 1216 δὲ

2424 1244 2576 1312 φίλος
2600 1245 2694 1297 τοῦ
2730 1246 2986 1314 νυμφίου,
3015 1250 3043 1301 ὁ
3075 1249 3346 1318 ἑστηκὼς,
3402 1252 3497 1304 καὶ
3532 1254 3747 1306 ἀκούων
3780 1254 3953 1309 αὐτοῦ
3981 1272 3997 1286 ο

2425 1334 2520 1389 καὶ
2544 1337 2751 1390 ἐκεῖνον
2778 1338 2861 1391 δεῖ
2893 1338 3167 1404 αὐξάνειν,
3214 1341 3314 1410 ἐμὲ
3344 1342 3401 1396 δὲ
3427 1344 3783 1398 ἐλαττοῦσθαι
3803 1362 3820 1377 ο
3862 1365 3881 1397 ι
3900 1348 4001 1415 τὴν

2428 1428 2792 1499 εὐαγγελικὴν
2824 1429 3073 1502 αὔξησιν,
3115 1434 3207 1486 καὶ
3258 1433 3358 1504 τὴν
3410 1434 3505 1487 τοῦ
3550 1437 3718 1505 νόμου
3746 1438 4000 1508 δηλώσας

2423 1518 2746 1573 ἐλάττωσιν.

2502 1629 2521 1662 r
2555 1612 2837 1665 Ἤκουσαν
2870 1612 2927 1665 δὲ
2957 1612 3126 1667 αὐτοῦ
3177 1614 3229 1668 οι
3260 1614 3354 1670 δύο
3387 1617 3628 1687 μαθηταὶ
3683 1617 4000 1684 λαλοῦντος,

2428 1701 2522 1756 καὶ
2550 1702 2927 1773 ἠκολούθησαν
2963 1706 3130 1775 αὐτῷ.
3172 1724 3191 1757 ι
3234 1708 3323 1771 Ὧς
3355 1708 3448 1762 οὖν
3469 1710 3788 1780 ἀμφοτέρω,
3813 1714 4000 1781 φησιν,

2429 1796 2741 1865 ἠκουσάτην
2786 1796 2863 1848 τὼ
2914 1798 3158 1868 μαθητὰ,
3188 1800 3634 1871 ἡκολουθήκατον
3682 1807 3761 1873 τῷ
3802 1805 4002 1874 Ἰησοῦ.

2431 1888 2493 1942 El
2516 1888 2570 1941 δὲ
2604 1888 2698 1942 καὶ
2718 1891 2745 1942 ὁ
2779 1890 3063 1959 ἀνώνυμος
3089 1891 3360 1963 μαθητὴς,
3386 1894 3415 1944 ὁ
3442 1894 3535 1946 τοῦ
3561 1897 3893 1965 γράμματος
3926 1901 4004 1961 εἰς

2428 1980 2599 2036 τύπον
2644 1980 2891 2049 ληφθεὶς,
2950 1982 3067 2051 μετ’
3117 1984 3367 2054 Ἀνδρέου
3413 1986 3722 2052 ἀκολουθεῖ,
3754 1989 3928 2057 μηδέν
3952 2006 4005 2041 τι

2430 2077 2761 2146 θορυϐηθῇς.
2799 2077 2991 2130 Πολλοὶ
3019 2077 3129 2149 γὰρ
3160 2080 3225 2131 ὲκ
3254 2080 3353 2149 τῆς
3373 2080 3631 2151 λατρείας
3646 2085 3745 2151 τῆς
3763 2084 4003 2146 παλαιᾶς

2430 2169 2758 2239 ὑπήχθησαν
2782 2168 2861 2238 τῷ
2884 2170 2977 2222 τοῦ
3007 2171 3348 2239 Εὐαγγελίου
3371 2173 3524 2243 ζυγῷ
3550 2175 3643 2227 καὶ
3664 2174 4005 2238 εἰσελθόντος

2429 2260 2524 2313 τοῦ
2559 2260 2926 2332 πληρώματος
2954 2261 3067 2314 τῶν
3083 2263 3273 2327 ἐθνῶν,
3297 2263 3369 2325 ὥς
3397 2282 3563 2334 φησιν
3592 2265 3621 2317 ὁ
3656 2265 4006 2328 ’Δπόστολος,

2430 2354 2491 2407 τὸ
2518 2355 2871 2425 κατάλειμμα
2893 2355 2987 2408 τοῦ
3041 2356 3258 2427 Ἰσραὴλ
3294 2358 3624 2428 σωθήσεται.

2515 2449 3003 2518 Ἀκολουθήσωμεν
3031 2452 3127 2503 καὶ
3160 2452 3341 2520 ἡμεῖς,
3378 2450 3678 2519 ἀγαπητοὶ,
3706 2450 3785 2520 τῷ
3812 2449 4008 2519 ἀγαθῷ

2434 2540 2682 2610 Δεσπότῃ
2722 2540 2944 2610 Χριστῷ
2973 2541 3060 2594 διὰ
3087 2540 3321 2611 θεωρίας
3350 2543 3446 2595 καὶ
3472 2542 3725 2612 πράξεως
3762 2540 3867 2609 τὴν
3915 2542 4010 2594 ἐπὶ

2433 2634 2537 2701 γῆς
2567 2631 2736 2685 αὑτοῦ
2794 2631 3093 2697 πολιτείαν,
3128 2633 3203 2696 ὡς
3231 2634 3457 2686 δυνατὸν
3504 2634 3782 2703 ἀνθρώπῳ
3808 2635 4011 2701 μιμού-

2439 2742 2612 2795 μενοι.
2657 2724 3074 2793 Ἀπαλείψωμεν
3111 2724 3214 2787 τὰς
3238 2724 3516 2794 ἁμαρτίας
3565 2724 3726 2793 ἡμῶν
3750 2724 3821 2776 δι’
3855 2726 4013 2793 ἐλεη-

2439 2816 2699 2887 μοσύνης,
2723 2816 3025 2886 ἀνοίξωμεν
3050 2816 3334 2886 σπλάγχνα
3363 2818 3661 2885 οἰκτιρμῶν
3688 2818 3801 2879 τοῖς
3830 2834 4010 2872 πενω·

2441 2912 2645 2980 μένοις.
2690 2909 3092 2979 Ἐρωτήσωμεν
3137 2909 3230 2960 καὶ
3259 2909 3422 2977 ἡμεῖς
3473 2908 3564 2960 τὸν
3602 2908 3831 2977 Κύριον.
3872 2909 4017 2973 om

2442 3003 2616 3071 μέγας
2658 3002 2907 3069 Ἀνδρέας
2935 3014 2949 3028 ’
2989 3020 3005 3052 ι
3037 3000 3359 3063 Διδάσκαλε,
3386 3000 3490 3053 ποῦ
3531 3000 3735 3069 μένεις,
3799 3019 3819 3051 ι
3858 3000 4018 3053 Είσό-

2444 3095 2583 3166 μεθα
2612 3095 2743 3162 γὰρ,
2783 3097 2859 3157 ὼς
2883 3095 2941 3146 ἐν
2966 3096 3033 3164 τῇ
3059 3094 3256 3164 καρδίᾳ
3281 3094 3435 3162 μένει
3460 3093 3553 3145 τοῦ
3578 3094 3897 3163 ὲλεήμονος,
3920 3093 4019 3146 τοῦ

2365 3200 2410 3259 c
2446 3188 2791 3259 συμπαθοῦς,
2824 3186 2920 3240 τοῦ
2973 3186 3049 3256 μὴ
3101 3187 3394 3255 τρέφοντος
3442 3186 3623 3255 ἐαυτῷ
3651 3188 3847 3256 φθόνον
3876 3186 4021 3241 κατὰ

2442 3283 2536 3334 τοῦ
2571 3282 2834 3349 γείτονος,
2871 3277 2965 3332 τοῦ
3022 3278 3099 3348 μὴ
3132 3278 3489 3342 πλουτοῦντος
3522 3280 3579 3345 ἐξ
3608 3280 3889 3349 ἁρπαγῆς,
3926 3282 4023 3334 καὶ

2444 3374 2658 3436 ἀδικίας
2683 3389 2699 3404 ·
2733 3371 2825 3425 τοῦ
2863 3370 2940 3441 μὴ
2975 3373 3343 3441 μνησικακίαν
3373 3373 3433 3423 ὲν
3488 3374 3555 3441 τῇ
3594 3372 3737 3441 ψυχῇ
3789 3374 4022 3440 περιφέ·

2445 3484 2652 3538 ροντος,
2684 3464 2781 3517 τοῦ
2846 3463 3330 3534 μακροθυμοῦντος
3379 3464 3476 3516 ἐπὶ
3508 3465 3583 3533 τῷ
3610 3465 3881 3519 πταίοντι.
3934 3464 4024 3517 Ἐν

2444 3560 2670 3628 τοιαύτῃ
2704 3558 2851 3627 ψυχῇ
2910 3556 3061 3625 μένει
3094 3555 3246 3618 Θεός.
3281 3556 3575 3625 Μείνωμεν
3621 3557 3679 3607 ἐν
3707 3558 3829 3619 ταῖς
3864 3556 4023 3609 ἐντο-

2446 3650 2565 3713 λαῖς
2620 3649 2712 3701 τοῦ
2763 3647 3023 3719 Χριστοῦ,
3074 3647 3149 3708 ὡς
3202 3647 3249 3698 οἱ
3282 3646 3378 3698 δύο
3404 3646 3644 3716 μαθηταὶ
3672 3648 3804 3713 παρ’
3829 3646 3983 3714 αὐτῷ
4011 3665 4024 3709 ;

2448 3744 2579 3805 ἴσως
2640 3743 2749 3811 γὰρ
2804 3740 2898 3793 καὶ
2952 3741 3084 3809 ημῖν
3112 3738 3372 3806 ἑνδεκάτη
3422 3736 3543 3807 ὥρα
3570 3738 3743 3790 ἐστίν.
3790 3738 3878 3799 Ὡς
3915 3740 4025 3807 γὰρ

2448 3834 2587 3904 αὓτη
2623 3833 2721 3901 τῆς
2743 3831 2956 3901 ἡμέρας
2982 3830 3100 3883 ἐστὶ
3146 3828 3205 3881 τὸ
3250 3830 3685 3897 ἀκροτεὶεύτιον,
3745 3828 3892 3881 οὓτω
3933 3832 4027 3882 καὶ

2450 3927 2607 3997 ἡμῶν
2631 3926 2863 3985 ἕκαστος
2894 3923 3124 3991 πλησίον
3147 3920 3241 3974 τοῦ
3279 3921 3465 3985 τέλους
3517 3923 3683 3973 ἐστίν.
3716 3920 4027 3989 Ἐνεδρεῦει

2450 4021 2559 4091 γὰρ
2589 4018 2746 4089 ἡμῶν
2772 4019 2799 4071 ὁ
2832 4008 3061 4077 θάνατος
3091 4016 3169 4077 εἰς
3200 4014 3307 4079 ἀεὶ,
3340 4015 3403 4066 ὲκ
3441 4015 3644 4081 μικρᾶς
3676 4016 3770 4064 καὶ
3800 4013 3898 4079 τῆς
3925 4032 4025 4065 τυ-

2450 4113 2653 4184 χούσης
2676 4108 2929 4179 ἀφορμῆς
2956 4109 3343 4178 ἐπερχόμενος.
3372 4104 3469 4167 Τίς
3497 4104 3589 4157 οὖν
3618 4100 3775 4167 οὗτος
3800 4106 4030 4175 ἀριστος

2450 4204 2755 4271 οἰκονόμος,
2814 4200 2909 4252 κα)⁵
2972 4204 3071 4266 τῆς
3129 4197 3323 4251 ἑιυτοῦ
3354 4197 3532 4265 ψυχῆς
3569 4197 3927 4267 φροντιστὴς,
3959 4198 4031 4258 ὡς

2450 4296 2561 4349 τῶν
2586 4293 2821 4348 ἐνταῦθα
2867 4290 3241 4361 φθειρομένων
3294 4289 3362 4342 δι’
3390 4288 3762 4357 ὲλεημοσύνης
3792 4288 4030 4351 ἀντεξω·

2454 4389 2723 4458 νήσασθαι
2753 4386 2851 4456 τὴν
2884 4386 3165 4456 μακαρίαν
3196 4382 3362 4452 ζωὴν,
3404 4380 3510 4450 πρὸ
3554 4378 3649 4433 τοῦ
3692 4379 3923 4447 λυθῆναι
3947 4381 4032 4432 διὰ

2458 4484 2690 4538 θανάτου
2740 4482 2841 4550 τὴν
2894 4477 3130 4530 ἐνταῦθα
3162 4478 3471 4543 πανήγυριν
3508 4471 3899 4542 ςΖηλώσωμεν
3938 4473 4032 4542 τὴν

2454 4576 2549 4631 τοῦ
2609 4571 2998 4644 πρωτοκλήτου
3058 4568 3305 4639 Ἀνδρέου
3374 4566 3635 4635 ἀνδρικὴν
3697 4566 4025 4633 καρτερίαν.

2460 4671 2606 4722 Ἰστε
2632 4666 2742 4735 γὰρ
2779 4666 2984 4724 πάντες
3042 4659 3401 4723 ἀκούσαντες,
3433 4658 3534 4711 ὅσα
3572 4662 3601 4710 ὁ
3656 4657 3837 4725 μέγας
3875 4650 4033 4717 οὗτος

2456 4762 2514 4813 ὲν
2566 4755 2785 4827 Σινώπῃ
2846 4754 3134 4822 πρότερον,
3198 4750 3295 4801 καὶ
3351 4750 3410 4801 ὲν
3451 4748 3692 4817 Πάτραις
3732 4748 4033 4816 ὑπέμεινεν

788 4840 841 4858 υ.
870 4840 980 4872 ιιι-ν
1019 4840 1172 4869 ...μην
1205 4840 1449 4867 ,νη-ν-
1870 4840 1891 4842 π
1918 4840 1955 4842 η

788 4898 840 4947 in
897 4907 1020 4946 eum
1093 4889 1391 4944 insilientes
1454 4882 1808 4952 apostolicum
1857 4892 2055 4946 corpus
2105 4876 2335 4930 dentibu:

2459 4860 2687 4927 ὕστερον
2710 4871 2724 4886 ’
2758 4854 2854 4905 καὶ
2881 4852 3027 4910 ὃπως
3069 4850 3116 4899 οἱ
3153 4846 3334 4914 ἄγριοι
3368 4845 3569 4896 ἐκεῖνοι
3608 4841 3897 4909 ἄνθρωποι
3935 4840 4035 4909 θη-

2714 4948 2736 4952 _
2914 4942 2928 4952 ι
3001 4941 3013 4952 ι
3092 4938 3115 4948 -
3149 4940 3161 4952 ι
3242 4937 3266 4952 n
3330 4937 3343 4950 ι
3504 4950 3545 4952 κῃ
3569 4949 3582 4952 Α
3633 4950 3662 4952 με
3694 4933 3719 4952 ,\
3764 4931 3945 4952 ._.',__.,_.
3977 4930 4030 4952 PL

789 4981 1101 5037 lucerarinl.
1161 4982 1215 5034 lu
1248 4978 1451 5033 Achaia
1483 4988 1612 5028 vero
1644 4970 1999 5039 Evangelium
2047 4967 2353 5036 praedicans

790 5092 894 5129 non
934 5072 1223 5136 recusavit,
1265 5067 1556 5138 quominus
1580 5064 1642 5116 ad
1678 5060 1985 5129 exemplum
2028 5055 2243 5112 Domini
2273 5053 2354 5107 sui

793 5174 1048 5235 ageretur
1078 5163 1131 5216 in
1190 5171 1443 5214 crucem:
1480 5155 1572 5209 sed
1624 5152 1868 5220 magistri
1902 5147 2144 5217 vestigiis
2198 5146 2360 5199 insis-

798 5267 935 5318 tens,
972 5267 1128 5321 quem
1190 5252 1258 5304 ab
1291 5249 1447 5303 initio
1511 5255 1732 5301 secutus
1764 5241 1961 5306 fuerat,
2002 5254 2098 5308 per
2130 5246 2358 5292 mortem

864 5398 911 5429 "
938 5394 1096 5450 Joan.
1130 5408 1212 5455 ιιι,
1247 5389 1333 5443 19.
1410 5386 1453 5419 ³⁸
1476 5385 1634 5439 Rom.
1662 5397 1742 5447 ιιι,
1777 5380 1870 5434 28.

2467 4948 2777 5023 ριοπρεπῶς
2808 4942 2928 4997 κατ’
2956 4938 3119 4995 αὑτοῦ
3146 4937 3605 5007 ὲπιθρώσκοντες,
3631 4933 3726 4984 καὶ
3758 4931 3946 4983 αὐτῶν
3973 4930 4034 4995 δὴ

2463 5043 2573 5097 τῶν
2624 5032 2999 5094 ἀποστολικῶν
3053 5028 3273 5101 σαρκῶν
3299 5028 3411 5088 τοῖς
3462 5025 3675 5078 ὀδοῦσιν
3702 5024 4034 5093 ἐφήπτοντο.

2466 5137 2556 5189 Ἐν
2597 5131 2789 5201 Ἀχαίᾳ.
2820 5128 2875 5179 δὲ
2923 5121 3209 5193 κηρύττων
3236 5119 3296 5171 τὸ
3324 5116 3657 5183 Εὐαγγέλιον
3687 5114 3790 5167 οῦκ
3822 5112 4034 5183 ἀπηνή-

2467 5244 2597 5282 νατο
2623 5226 2722 5292 τὴν
2745 5216 3184 5286 άνασκολόπησιν
3211 5211 3298 5265 διὰ
3322 5215 3420 5280 την
3443 5208 3578 5279 πρὸς
3609 5208 3701 5259 τὸν
3754 5206 4034 5273 Δεσπότην

2029 5462 2354 5530 Francisei
2389 5457 2599 5523 Scorsi
2630 5460 2816 5515 notae.

867 5613 977 5682 (95)
1012 5610 1221 5678 Sinope.
1255 5608 1451 5682 Sinope
1480 5603 1731 5682 oppidum
1765 5596 1948 5682 Ponti,
1974 5592 2116 5682 unde
2162 5602 2356 5682 nomen

798 5660 1404 5751 acceperit—,wdocelmnt'
1438 5686 1489 5727 te
1515 5660 1858 5751 itabulatores
1899 5660 2270 5740 cosmographi
2306 5666 2359 5751 et

800 5731 1194 5822 Εἶῇιιῖἶῂίυεη
1221 5760 1416 5822 Διιοιιιιο
1471 5747 1533 5796 ad
1587 5757 1696 5795 rem
1742 5744 2069 5818 praesentem
2108 5731 2356 5822 pertinet.

803 5802 984 5875 Solum
1032 5802 1147 5874 hicv
1168 5802 1234 5871 ad
1281 5802 1655 5871 documentum
1707 5802 1919 5863 virtutis
1968 5802 2260 5859 eruendum
2298 5809 2363 5851 ex

2469 5583 2584 5649 ipso
2616 5577 2832 5649 nomine
2858 5581 3061 5649 noster
3118 5569 3206 5649 hie
3247 5567 3483 5649 deducit,
3511 5564 3673 5649 Ιῗίαρά
3704 5564 3766 5617 τὸ
3799 5563 4037 5644 σίνεσθαι

2466 5636 2589 5712 τοὺς
2619 5644 2795 5709 ὦπας,
2834 5647 2911 5697 Ab
2958 5658 3019 5696 eo
3049 5641 3185 5709 quod
3230 5638 3407 5690 oculos
3442 5638 3633 5712 Διιιιιίιιι,
3670 5651 3791 5705 qum
3840 5636 4038 5712 notatio

2470 5701 2685 5792 propria
2733 5701 3230 5792 ἑέι-τοείξσίνηπι
3274 5723 3393 5777 qua:
3441 5709 3513 5762 ita
3560 5701 3723 5769 dicta,
3758 5716 3817 5760 ut
3852 5701 4039 5759 medici

2473 5779 2679 5852 dicunt,
2710 5784 2853 5852 quod
2888 5782 3056 5838 oculis
3090 5779 3308 5835 alliciat.
