4168 6456
156 400 260 464 917

156 511 574 583 λαμϐανόμενος
631 512 828 567 ἑαυτοῦ
880 512 975 566 ἐπὶ
1024 514 1280 587 ἁθετήσει

157 604 394 676 ἀμελείᾳ
428 605 567 659 Θεοῦ
592 607 837 675 ἐντολῆς.

234 805 254 837 ι
292 785 577 855 Μακάριοι
644 789 694 841 oi
754 791 1120 861 είρηνοποιοὶ,
1152 789 1234 842 ὅτι
1278 788 1437 841 αὐτοὶ
1470 789 1573 841 υἱοὶ
1610 787 1745 840 Θεοῦ

158 878 548 949 κληθήσονται.
588 900 606 932 ι
657 878 781 934 Εἶεν
844 885 946 955 μὲν
996 883 1337 956 εἰρηνοποιώ
1411 882 1505 935 καὶ
1541 882 1589 934 οἱ
1622 882 1745 943 τοίς

160 972 550 1038 ὲχθραίνοντας
577 973 643 1026 δι’
674 976 979 1039 ἐπιεικείας
1025 973 1469 1044 φιλο-ποιούμενοι
1503 992 1516 1006 ·
1547 967 1659 1028 εἷεν
1693 975 1749 1027 δὲ

162 1066 262 1116 καὶ
280 1065 332 1117 oi
356 1065 451 1119 τὸν
483 1065 675 1136 θυμὸν,
715 1068 809 1121 καὶ
842 1070 891 1121 οἱ
927 1070 1028 1139 τὴν
1055 1054 1356 1137 ἐπιθυμίαν
1389 1069 1455 1135 ἀγ
1470 1070 1747 1138 ριαινόμε-

162 1174 269 1222 νοι,
306 1156 709 1230 ἐξημεροῦντες
737 1162 1052 1234 δι’άρετῆς,
1082 1163 1225 1217 κατᾶ
1248 1162 1330 1227 τὸ,
1364 1180 1382 1213 ι
1420 1162 1750 1231 Εἰρηνεύετε

163 1252 409 1317 ἑαυτοῖς,
436 1252 517 1321 τῷ
550 1254 740 1325 Κυρίῳ
771 1255 964 1326 λεχθέν
986 1274 999 1286 ·
1037 1273 1056 1307 ι
1085 1253 1429 1326 είρηνοποιοὶ
1459 1254 1518 1307 δὲ
1564 1254 1659 1308 καὶ
1704 1254 1753 1307 οἱ

162 1340 253 1393 διὰ
292 1340 390 1393 τοῦ
443 1342 827 1397 διδασκαλικοῦ
903 1344 1065 1412 λόγου
1123 1344 1250 1407 τοὺς
1305 1344 1373 1398 δι’
1404 1344 1751 1415 ἀσέόειαν,ἢ

163 1432 373 1500 ῳαῦλον
435 1434 549 1505 βίον
604 1435 835 1507 ἐχθροὺς
860 1437 1191 1507 γενομένους
1218 1436 1337 1507 Θεῴ
1398 1439 1477 1501 εἰς
1502 1436 1563 1489 τὸ
1594 1436 1753 1500 esse;

166 1528 577 1596 μεταφέροντες
616 1528 712 1582 καὶ
770 1530 958 1598 φίλους
1002 1530 1286 1592 ποιοῦντες
1328 1530 1476 1600 αύτῷ
1507 1550 1519 1562 ·
1547 1531 1629 1583 διὸ
1658 1531 1753 1585 καὶ

161 1618 238 1679 ὠς
266 1621 509 1691 μιμηταὶ
538 1620 676 1674 Θεοῦ
702 1621 796 1674 τοῦ
826 1624 1353 1692 είρηνοποιήσαντος
1386 1623 1475 1677 διὰ
1504 1624 1600 1677 τοῦ
1622 1624 1753 1678 ἰδίου

161 1710 402 1779 αἵματος
458 1710 527 1764 τὰ
581 1711 829 1783 ἡμέτερα
884 1714 1201 1781 εἰσάγονται
1259 1714 1339 1777 είς
1393 1712 1492 1785 τὴν
1540 1713 1753 1768 ἐκείνου

164 1802 517 1870 συγγένειαν.

236 1913 256 1945 ι
301 1895 589 1966 Μακάριοι
644 1897 694 1949 oi
750 1896 1110 1968 δεδιωγμένοι
1144 1898 1336 1953 ἕνεκεν
1370 1874 1826 1969 δικαιοσύνης,Β

162 1986 242 2037 δτι
282 1987 469 2040 αὐτῶν
517 1988 670 2041 ἐστιν
701 1989 734 2059 ἡ
769 1988 1027 2058 βασιλεία
1084 1990 1198 2044 τῶν
1230 1990 1507 2061 οὐρανῶν.
1555 1990 1613 2045 Ὀ
1651 1990 1752 2062 μὲν

159 2077 321 2145 λόγος
346 2078 439 2131 τὸν
474 2080 619 2133 κατὰ
644 2079 754 2132 τῶν
794 2080 1092 2153 μαρτύρων
1144 2082 1438 2153 ὑποτίθησι
1469 2083 1710 2155 διωγμόν
1736 2102 1751 2118 ο

159 2170 218 2221 δν
256 2170 450 2224 ἕνεκεν
474 2172 845 2244 δικαιοσύνης,
873 2176 1017 2248 φημὶ
1041 2175 1106 2248 δὴ
1159 2174 1253 2230 τοῦ
1308 2176 1569 2247 Χριστοῦ,
1599 2177 1753 2231 ὲδιὼ-

159 2262 391 2331 χθησαν.
424 2263 758 2337 Δικαιοσύνη
806 2267 917 2338 γὰρ
965 2266 1127 2332 Θεοῦ,
1162 2268 1257 2323 καὶ
1294 2270 1529 2341 Πατρὺς,
1562 2272 1647 2334 τίς
1686 2271 1754 2325 ἂν

160 2358 248 2426 εἴη
284 2356 429 2430 πλὴν
454 2358 536 2411 δτι
569 2360 807 2429 Χριστός
835 2376 850 2426 ;
881 2360 1042 2415 Οῦτω
1090 2364 1202 2432 γὰρ
1248 2363 1413 2417 αὐτὸν
1439 2367 1466 2418 ὁ
1497 2364 1629 2427 Θεὸς
1660 2364 1755 2417 καὶ

161 2450 358 2521 Πατὴρ
380 2452 656 2506 ἀποκαλεῖ
700 2454 880 2519 λέγων
908 2471 923 2485 ’
964 2474 983 2507 ι
1032 2456 1277 2524 Ἐγγίζει
1310 2457 1449 2526 ταχὺ
1480 2459 1513 2528 ἡ
1548 2457 1753 2512 δικαιο-

165 2543 302 2615 σύνη
357 2561 485 2613 μου,
522 2546 619 2598 καὶ
648 2547 709 2599 τὸ
742 2547 891 2609 ἔλεός
930 2564 1033 2617 μου
1064 2547 1551 2617 ἀποκαλυφθῆναι.
1588 2570 1605 2601 ι
1641 2550 1755 2601 Μα-

164 2638 351 2707 κάριοι
392 2634 488 2691 οὖν
536 2640 724 2693 ἕνεκεν
776 2640 944 2693 αὐτοῦ
975 2642 1081 2695 ὑπὸ
1107 2644 1219 2694 τῶν
1242 2642 1459 2695 ἀσεϐῶν
1486 2642 1753 2710 διωκόμε-

163 2747 244 2783 νοι
302 2734 398 2784 καὶ
432 2732 845 2804 ὀνειδιζόμενοι.
879 2733 1027 2805 Πλὴν
1055 2734 1192 2789 ἀλλὰ
1221 2734 1320 2789 καὶ
1352 2733 1447 2788 τοῦ
1478 2734 1751 2804 κοσμικοῦ

165 2822 401 2892 θορύϐου
432 2825 663 2889 ἑαυτοὺς
688 2824 1071 2891 ὲκδιὼξαντες,
1106 2825 1197 2878 καὶ
1241 2825 1333 2879 τὸν
1381 2826 1621 2897 χρηστὸν
1658 2824 1753 2878 τοῦ

171 2914 377 2983 Κυρίου
414 2915 579 2983 ζυγδν
614 2916 997 2986 προελόμενοι,
1044 2916 1142 2969 καὶ
1168 2916 1285 2968 ὅσοι
1314 2916 1466 2985 παρὰ
1502 2916 1611 2969 τῶν
1652 2918 1755 2968 επ-

170 3006 513 3073 ηρεαζὸντων
542 3007 854 3069 διώκονται,
886 3006 1262 3075 ὑϐριζόμενοι,
1316 3006 1754 3078 λοιδορούμενοι,

168 3097 272 3149 τῶν
340 3098 496 3151 ἰδίων
555 3097 933 3171 στερούμενοι,
984 3099 1081 3153 καὶ
1139 3100 1322 3152 πάντα
1345 3099 1433 3153 διὰ
1458 3100 1558 3169 τὴν
1584 3100 1755 3163 ὅντως

166 3191 515 3261 δικαιοσύνην
540 3195 890 3263 εὐχαρίστως
926 3193 1233 3264 δεχόμενοι,
1266 3186 1413 3247 οὗτοι
1455 3193 1658 3257 πάντες
1698 3195 1755 3246 ὲν

167 3283 470 3336 ἀπολαύσει
496 3285 740 3351 γίνονται
767 3287 867 3354 τῆς
895 3286 1181 3355 βασιλείας
1228 3287 1336 3340 τῶν
1371 3287 1652 3363 ούρανῶν·
1690 3281 1758 3357 ἦς

167 3378 378 3441 γένοιτο
404 3379 837 3448 κατατρυφῆσαι
862 3379 1073 3441 πάντας
1102 3380 1253 3449 ἡμᾶς
1305 3378 1629 3448 πρεσϐείαις
1662 3380 1756 3433 τοῦ

172 3471 407 3537 μεγάλου
481 3472 698 3541 Πατρὸς
731 3513 745 3536 ,
797 3474 894 3525 καὶ
955 3472 1377 3542 θαυματουργοῦ
1459 3472 1757 3539 Νικολάου,

170 3566 260 3614 καὶ
286 3564 510 3617 πάντων
566 3563 674 3616 τῶν
697 3564 872 3631 ἁγίων
927 3565 1038 3617 τῶν
1082 3564 1570 3635 εύαρεστησάντων
1616 3564 1756 3636 Θεῷ,

168 3649 210 3719 ᾧ
252 3656 457 3725 πρέπει
510 3656 646 3727 τιμὴ
697 3659 847 3711 πᾶσα
906 3658 999 3711 καὶ
1080 3658 1212 3723 δόξα
1258 3660 1339 3719 είς
1366 3659 1497 3721 τοὺς
1527 3658 1754 3721 αἰῶνας.

181 3749 375 3819 Ἀμήν.

737 3856 997 3912 ΟΜΙΛΙΛ.
1036 3857 1166 3911 NB’.

655 3975 761 4036 Εις
790 3973 861 4025 τὰ
896 3974 1033 4042 ἅγια
1072 3974 1280 4039 νήπια.

245 4083 370 4136 Ἐπὶ
429 4082 528 4153 τὴν
591 4082 742 4152 ἱερὰν
780 4083 1033 4153 Βηθλεὲμ
1082 4086 1205 4152 ἄγει
1248 4086 1491 4157 σήμερον
1537 4087 1756 4159 ἡμᾶςή

165 4174 433 4226 θεσπεσία
456 4174 567 4227 τῶν
598 4175 956 4242 Εὐαγγελίων
1010 4179 1185 4247 φωνή.
1227 4179 1339 4241 Διὸ,
1390 4178 1646 4249 καθάπερ
1678 4182 1757 4241 είς

166 4266 309 4319 θεῖον
335 4266 485 4334 ίερὶν
534 4266 775 4319 είσδύναι
832 4268 1142 4337 μέλλοντες,
1208 4268 1545 4339 ἀγιοπρεπεί
1592 4270 1755 4341 νήψει

163 4358 253 4410 τὸν
306 4359 437 4412 νοῦν
496 4360 732 4423 ἕκαστος
773 4360 931 4430 ἡμῶν
983 4361 1420 4431 ἐκκαθάραντες,
1471 4361 1627 4415 δεῦτε
1679 4363 1757 4433 τῷ

166 4451 313 4521 λόγῳ
347 4452 488 4520 πρὸς
538 4452 639 4522 τὴν
680 4452 835 4505 πόλιν
888 4452 1238 4525 ὲπειχθῶμεν
1265 4453 1470 4507 Δαδίδ⁶
1506 4455 1755 4519 καὶτοὺς

170 4545 265 4610 μὲν
289 4544 511 4615 Πέρσας
537 4544 720 4596 οἶκαδε
750 4543 1241 4615 παραπέμψωμεν,
1268 4544 1345 4607 ὡς
1374 4547 1633 4617 ἀπαρχὴν
1654 4548 1755 4616 τῆς
1792 4577 1833 4632 D

165 4638 389 4706 ἑθνικῆς
422 4638 619 4707 μοίρας
654 4638 755 4710 ήδη
790 4638 1201 4707 προσαχθέντας
1236 4638 1482 4711 Χριστῷ.
1514 4640 1754 4703 Τούτους

164 4746 196 4793 γ
211 4729 271 4797 ἂρ
283 4731 386 4796 τῆς
407 4729 550 4782 κατὰ
570 4728 663 4781 τοῦ
685 4729 933 4782 διαδόλου
953 4729 1131 4800 πάλης
1155 4732 1367 4799 εἰλήφει
1420 4731 1753 4800 πρωτόλεια.

166 4803 328 4873 Οὗτοι
362 4821 465 4890 μὲν
496 4816 589 4873 οῦν
618 4822 699 4884 εἰς
725 4821 963 4889 Περσίδα
1002 4821 1071 4875 δι’
1140 4822 1308 4892 ἄλλης
1352 4822 1473 4875 ὀδοῦ
1517 4823 1754 4890 ἀγγέλου

168 4911 331 4983 βουλῇ
358 4911 751 4983 βαδιζέτωσαν,
794 4912 893 4985 τὴν
923 4914 1095 4985 καλὴν
1140 4915 1447 4987 ἑμπορείαν
1476 4918 1754 4988 ἐμπορευ-

171 5004 401 5071 σάμενοι
427 5020 442 5034 θ
473 5004 598 5057 ἀντὶ
626 5004 857 5074 χρυσοῦ,
914 5006 1011 5059 καὶ
1044 5005 1293 5073 λιϐάνου,
1329 5008 1425 5063 καὶ
1478 5009 1749 5080 σμύρνης,

167 5093 265 5161 τὴν
322 5093 423 5147 τοῦ
476 5092 613 5147 Θεοῦ
655 5096 1056 5167 κεκερδακότες
1083 5098 1422 5166 ἐπίγνωσιν·
1468 5098 1665 5171 Ἰωσὴφ
1692 5100 1750 5152 δὲ

238 5248 283 5281 ⁷⁸
323 5250 433 5305 lsa.
467 5266 541 5315 LI,
574 5250 645 5319 5;
688 5267 801 5315 ινι,
843 5253 893 5305 ι.

1554 408 1879 469 HOMlLlA
1928 414 2074 473 Li].

1364 515 1397 586 ἢ
1432 516 1686 587 ἐλλείψει,
1712 518 1743 587 ἧ

1860 522 1941 589 qui
2022 522 2508 592 transgressitmcm
2585 524 2667 578 \el
2754 521 3269 593 praetermissioneut
3354 519 3437 578 vel

3320 410 3431 476 918

1849 617 2011 687 353
2043 618 2423 689 negligentiam
2461 618 2596 689 legis
2638 618 2831 673 divimc
2863 617 2917 671 in
2952 632 3012 673 se
3051 615 3171 688 ipso
3201 628 3310 669 non
3346 615 3440 669 de-

1852 707 2159 775 prehendit.
3394 762 3402 770 .

1930 817 1948 849 ι
1984 797 2130 852 Beati
2156 797 2387 867 paciﬁci,
2412 799 2665 869 quoniam
2689 801 2787 869 ipsi
2816 800 2906 854 lilii
2939 799 3030 853 Dei
3049 799 3436 852 vocabuntur.»

1857 889 2073 945 Paciﬁci
2120 891 2345 962 intelligi
2392 902 2638 961 possunt,
2670 895 2751 946 vel
2780 894 2869 963 qui
2906 892 3160 946 inimicos
3191 904 3258 944 ex
3283 903 3440 959 sequo

1857 986 2109 1054 bonoque
2163 989 2495 1053 conciliant;
2552 987 2777 1055 intelligi
2830 989 2995 1041 etiam
3054 990 3302 1053 possunt,
3348 982 3441 1052 qui

1857 1076 2002 1132 circa
2058 1078 2388 1132 irascibilem
2445 1079 2527 1135 vel
2586 1078 3069 1147 concupiscibilem
3123 1075 3332 1131 ell’erati
3385 1090 3446 1128 se.

1858 1170 2007 1238 ipsos
2035 1168 2490 1236 mansuefaciunt,
2515 1169 2671 1242 juxta
2704 1169 2833 1224 illud
2862 1185 2889 1223 a
2920 1168 3153 1222 Domino
3182 1169 3385 1221 dictum
3430 1186 3443 1220 :

1862 1278 1881 1312 ι
1917 1259 2115 1316 Pacem
2162 1262 2357 1316 habete
2402 1262 2455 1315 in
2487 1262 2641 1318 vobis
2677 1261 2827 1329 ipsis.
2892 1279 2912 1314 ι
2962 1258 3183 1314 Paciﬁci
3230 1271 3445 1327 quoque

1858 1356 2006 1411 sunt,
2026 1347 2118 1417 qui
2158 1363 2251 1401 eos
2271 1349 2360 1419 qui
2391 1364 2485 1418 per
2528 1349 2861 1417 impietatem
2909 1357 2965 1403 et
2987 1362 3207 1417 pravam
3230 1346 3445 1401 vivendi

1860 1439 2132 1493 rationem
2192 1439 2396 1495 inimici
2452 1448 2579 1495 sunt
2630 1439 2758 1505 Deo,
2812 1438 3137 1494 hortationis
3181 1436 3347 1492 verbo
3391 1436 3443 1489 itt

1860 1540 2066 1585 rectam
2095 1529 2371 1587 deducunt
2404 1533 2567 1598 viam,
2604 1538 2659 1585 et
2691 1532 2745 1584 in
2794 1531 3089 1586 amicitiam
3133 1530 3250 1601 ejus
3292 1528 3450 1581 resti-

1860 1629 2041 1677 tuunt.
2080 1621 2235 1679 Unde
2268 1625 2429 1678 veluti
2481 1624 2786 1681 imitatores
2836 1624 2949 1687 Dei,
2978 1625 3070 1691 qui
3101 1637 3197 1691 per
3227 1620 3448 1688 sangui-

1861 1724 1985 1763 nem
2016 1725 2176 1764 suum
2226 1719 2410 1765 nostra
2458 1713 2785 1783 paciﬁcavit,
2833 1711 2886 1767 in
2916 1712 3084 1782 ipsius
3116 1710 3209 1765 Dei
3253 1725 3449 1780 cogna-

1860 1800 2062 1856 tionem
2093 1802 2445 1872 adoptantur.

1934 1910 1951 1944 ι
2013 1892 2163 1948 Beati
2240 1894 2335 1964 qui
2394 1896 2833 1965 persecutionem
2887 1894 3171 1965 patiuntur
3225 1898 3450 1959 propter

1851 1981 2147 2051 justitiam,
2185 1987 2441 2056 quoniam
2468 1987 2709 2057 ipsorum
2733 1994 2819 2041 est
2851 2001 3075 2055 regnum
3104 1984 3389 2039 caelorum.
3424 1998 3444 2034 ι

1858 2077 1971 2131 Hoc
1992 2076 2139 2132 dicto
2165 2080 2601 2147 persecutionem
2630 2091 2931 2150 martyrum
2961 2077 3252 2149 signiﬁcat,
3284 2087 3450 2143 quam

1859 2170 1963 2239 ipsi
2033 2180 2253 2241 propter
2309 2170 2617 2241 justitiam,
2674 2183 2895 2240 propter
2947 2168 3229 2225 Christum
3292 2166 3447 2230 dico.

1857 2262 2155 2333 patiuntur.
2210 2262 2423 2319 iustitia
2471 2265 2612 2320 enim
2652 2264 2764 2333 Dei}
2802 2275 2856 2319 et
2898 2263 3098 2329 Patris,
3135 2260 3257 2331 quis
3309 2259 3452 2314 alius

1857 2372 2020 2425 quam
2068 2355 2321 2413 Christus
2373 2358 2480 2413 sit?
2510 2357 2601 2412 Sic
2633 2358 2778 2411 enim
2811 2357 2985 2428 ipsum
3021 2356 3167 2411 Deus
3194 2360 3250 2409 et
3286 2352 3453 2407 Pater

1860 2445 2088 2516 appellat
2134 2464 2147 2501 :
2188 2467 2207 2499 ι
2259 2449 2677 2519 Appropinquat
2726 2449 2909 2502 statim
2952 2446 3161 2517 justitia
3202 2459 3357 2510 mea;
3394 2452 3451 2498 et

1861 2540 2239 2595 misericordia
2274 2557 2417 2604 mea,
2449 2552 2506 2595 ut
2546 2540 2813 2596 reveletur
2850 2541 2915 2594 ".
2964 2538 3116 2593 Beati
3160 2537 3326 2609 igitur
3360 2536 3451 2606 qui

1860 2633 2234 2688 insectationis
2278 2634 2447 2704 ipsius
2493 2648 2657 2688 causa
2699 2635 2765 2688 ab
2802 2632 2983 2703 impiis
3022 2634 3317 2687 sustinent.
3355 2626 3457 2681 Ve-

1859 2734 2165 2777 rumtamen
2198 2724 2289 2793 qui
2314 2725 2380 2779 ab
2409 2724 2515 2779 hoc
2545 2724 2735 2779 mundi
2763 2724 2995 2777 tumultu
3031 2723 3190 2792 quasi
3222 2735 3282 2776 se
3304 2721 3453 2789 ipsos

1859 2826 2257 2885 persequentes
2281 2819 2573 2883 excedunt,
2596 2829 2649 2871 et
2677 2815 2884 2871 Christi
2910 2815 3098 2887 jugum
3125 2822 3452 2885 prmoptant,

1859 2918 1914 2963 et
1947 2918 2219 2979 quotquot
2261 2924 2289 2963 a
2317 2910 2803 2965 calumniatoribus
2831 2908 3174 2963 contumeliis
3216 2915 3272 2961 et
3305 2903 3452 2974 inju-

1861 3005 1957 3060 riis
1985 3004 2167 3061 affecti
2195 3017 2346 3073 sunt,
2379 3015 2433 3061 et
2460 3006 2621 3062 bonis
2656 3007 2891 3077 propriis
2916 3004 3155 3076 spoliati,
3189 3014 3244 3058 et
3265 3002 3448 3058 omnia

1859 3106 2084 3166 propter
2134 3113 2317 3153 veram
2372 3098 2643 3169 justitiam
2696 3115 2821 3155 cum
2881 3098 3181 3170 gratiarum
3241 3094 3453 3149 actione

1861 3188 2192 3257 suscipiunt,
2221 3190 2274 3245 hi
2308 3205 2498 3246 omnes
2531 3191 2791 3246 ccelorum
2820 3206 2989 3259 regno
3025 3189 3276 3243 fruentur
3303 3204 3318 3240 :
3347 3200 3454 3254 quo

1866 3277 2075 3332 utinam
2095 3280 2250 3334 nobis
2280 3281 2441 3350 potiri
2466 3284 2745 3351 centingat
2774 3282 3027 3352 precibus
3050 3281 3225 3351 magni
3251 3277 3450 3339 Patris,

1865 3387 1926 3427 ac
1973 3374 2343 3447 thaumaturgi
2377 3376 2609 3441 Nicnlai,
2635 3387 2688 3432 et
2717 3376 2962 3432 omnium
2990 3384 3325 3436 sanctorum,
3357 3372 3449 3441 qui

1863 3466 1973 3521 Deo
2002 3466 2361 3539 placuerunt;
2386 3471 2470 3523 cui
2503 3470 2730 3524 debetur
2752 3468 2930 3525 munis
2957 3468 3128 3539 gloria
3152 3468 3203 3520 in
3227 3465 3447 3520 smcula.

1863 3560 2055 3614 Amen.

2433 3859 2713 3915 IIUMILIA
2787 3859 2889 3913 ιιι.

2317 3977 2378 4030 In
2409 3988 2618 4032 sanctos
2663 3979 2996 4031 (mimanta.

1933 4090 2012 4142 Ad
2046 4102 2258 4142 sacram
2292 4089 2455 4142 hodie
2487 4087 2768 4141 Bethleem
2802 4087 2985 4141 divina
3016 4084 3294 4155 Evangelii
3319 4098 3449 4140 voce

1861 4182 2203 4235 deducimur.
2252 4179 2459 4237 Idcirco
2510 4190 2767 4249 tauquam
2822 4180 2873 4233 in
2910 4187 3159 4233 sanctum
3214 4175 3442 4247 aliquod

1863 4272 2160 4343 ingressuri
2191 4272 2453 4339 templum
2482 4286 2545 4324 ea
2570 4284 2691 4339 qua:
2714 4278 2935 4324 sanctos
2956 4270 3164 4331 deceat,
3189 4266 3453 4320 mututitie

1862 4374 2099 4419 mentem
2130 4363 2509 4432 unusquisque
2547 4376 2703 4415 suam
2756 4360 3106 4430 purilicautes
3161 4360 3304 4430 agite
3338 4356 3450 4426 jam

1862 4455 1913 4508 in
1947 4453 2225 4509 civitatem
2276 4452 2440 4506 David
2468 4468 2722 4507 sermone
2754 4454 2871 4522 ipso
2898 4466 3363 4523 approperemus,
3394 4460 3449 4504 et

1862 4548 2057 4602 Persas
2070 4546 2282 4615 quidem
2299 4546 2638 4599 dimittamus
2657 4547 2896 4610 domum,
2912 4546 3001 4614 qui
3021 4545 3175 4615 quasi
3195 4544 3450 4613 primitia:

1865 4640 2196 4692 hereditatis
2220 4636 2386 4708 355
2409 4652 2475 4691 ex
2508 4636 2761 4706 gentibus
2786 4636 3090 4706 acquisita.
3122 4634 3287 4691 oblati
3323 4645 3453 4689 sunt

1862 4730 2107 4784 Christo.
2160 4728 2269 4783 Hos
2302 4732 2447 4784 enim
2500 4730 2663 4783 veluti
2711 4744 2774 4783 ex
2822 4744 3001 4798 pugna
3052 4744 3179 4783 cum
3234 4728 3452 4782 diabolo

1864 4822 2138 4877 decertata
2169 4822 2341 4891 prima
2386 4822 2571 4875 retulit
2614 4820 2810 4891 spolia.
2846 4820 2909 4874 lii
2962 4821 3127 4890 igitur
3154 4835 3252 4890 per
3287 4819 3449 4873 aliam

1865 4914 2006 4966 viam
2042 4914 2219 4982 angeli
2252 4915 2457 4967 monitu
2487 4914 2869 4982 regrediantur
2895 4915 2948 4968 in
2977 4912 3276 4977 Persidem,
3310 4922 3455 4982 post-

1864 5021 2026 5074 quam
2058 5006 2317 5075 optimam
2351 5003 2531 5060 fecere
2561 5017 2962 5074 mercaturam;
2998 5016 3052 5059 et
3104 5020 3259 5073 auro,
3290 5004 3452 5058 thure

1861 5110 1916 5153 et
1965 5100 2184 5170 myrrha
2218 5100 2543 5167 permutatis
2580 5100 2673 5157 Dei
2722 5102 2971 5156 notitiam
3024 5100 3221 5155 lucrati
3282 5108 3444 5156 sunt'

1405 5376 1726 5436 Francisci
1757 5377 1968 5437 Scorsi
2008 5385 2194 5439 notas.

169 5489 524 5567 citat‘dest‘tnt
567 5490 623 5545 in
662 5492 784 5567 Val.
813 5492 1003 5566 ὥσπερ
1038 5494 1066 5548 ὁ
1094 5495 1373 5567 ᾼάζαρσς,
1419 5498 1561 5567 quod
1606 5509 1660 5553 et
1704 5500 1755 5553 in

172 5564 253 5634 illo
283 5562 469 5614 Basilii
498 5570 645 5615 textu
674 5571 729 5617 et
762 5566 813 5616 itt
839 5562 1055 5634 exemp.
1081 5564 1219 5621 Gali.
1248 5562 1529 5622 exaratum
1560 5581 1756 5625 exstat.

170 5630 228 5710 li
248 5638 465 5710 lemque
493 5647 589 5710 pro
619 5633 867 5710 ὁπωσοῦν
896 5630 1202 5710 συμϐᾶσαν,
1235 5654 1353 5706 qua:
1393 5648 1478 5693 est
1504 5654 1757 5710 germana

173 5702 584 5777 Basiliilogutio
605 5712 660 5777 et
689 5705 825 5758 bene
862 5702 1039 5777 relata
1066 5702 1446 5777 afl‘lteophane
1484 5702 1641 5777 p'rout
1679 5711 1757 5761 lo-

168 5774 345 5845 quitttr
364 5770 571 5845 itLGall.
589 5774 877 5845 deprauata
896 5786 1012 5828 erat
1030 5775 1211 5830 ittVat.
1229 5770 1311 5833 his
1328 5770 1529 5845 verbis,
1549 5780 1760 5831 ὐπωσο

168 5842 226 5913 ιη
264 5842 474 5897 ποτοῦν
506 5843 820 5913 συμϐᾶσαν.
867 5844 1089 5898 Detuuut
1115 5865 1278 5917 supra
1326 5848 1487 5905 etiam
1517 5842 1754 5906 ’διιίΐινςιςι

1858 5514 1984 5555 sunt
2010 5503 2278 5570 quazdaut,
2315 5519 2377 5556 ex
2404 5502 2593 5556 eodem
2622 5501 2761 5557 Gttll.
2790 5502 2861 5573 ab
2884 5501 2994 5573 illis
3022 5502 3205 5558 verbis
3229 5502 3324 5556 καὶ
3348 5504 3450 5573 τῆς

1859 5573 2196 5642 Δεσποτικῆς
2226 5573 2502 5636 πολιτείας
2537 5589 2707 5642 usque
2740 5574 2805 5627 ad
2840 5572 3122 5643 βασιλείαν
3146 5574 3257 5626 τῶν
3282 5572 3444 5643 ούρα-

1859 5644 1985 5706 νῶν,
2014 5659 2133 5712 qua:
2164 5645 2235 5696 ita
2271 5645 2497 5710 praecisa
2532 5654 2678 5707 sunt,
2707 5652 2764 5697 ιιι
2786 5646 2831 5699 si
2861 5645 2982 5712 quis
3006 5660 3066 5698 ea
3094 5660 3200 5696 non
3225 5646 3368 5713 legat
3394 5663 3446 5699 ιιι

1860 5714 1964 5767 alio
2006 5716 2125 5766 eod.
2158 5715 2240 5766 vix
2273 5715 2326 5767 in
2368 5714 2733 5781 suspicionem
2768 5714 2955 5768 venire
2981 5713 3227 5768 delectus
3249 5717 3446 5783 possit.

1860 5783 2111 5837 Attamen
2159 5783 2213 5836 in
2256 5784 2392 5839 Gali.
2441 5794 2655 5852 reperta
2689 5785 2876 5838 censui
2920 5800 3043 5838 esse
3077 5788 3446 5840 ιοει.ιτεί‹·ιιι1;ι.

1863 5863 2047 5922 utpote
2071 5854 2135 5909 ad
2164 5870 2356 5910 sensus
2390 5854 2777 5923 plenitudinem
2807 5858 3153 5926 pertinentia.
