  <div class='ocr_page' id='page_1' title='image "/cluster/home/n/w/nwhite01/storage/ocr_20150623/132/nnc1.0046979662/470.png"; bbox 0 0 4168 6456; ppageno 0'>
   <div class='ocr_carea' id='block_1_1' title="bbox 146 423 234 486">
    <p class='ocr_par' dir='ltr' id='par_1_1' title="bbox 146 423 234 486">
     <span class='ocr_line' id='line_1_1' title="bbox 146 423 234 486; baseline -0.023 0"><span class='ocrx_word' id='word_1_1' title='bbox 146 423 234 486; x_wconf 74' lang='grc' dir='ltr'><strong>9ἳ1</strong></span> 
     </span>
    </p>
   </div>
   <div class='ocr_carea' id='block_1_2' title="bbox 1476 418 1990 486">
    <p class='ocr_par' dir='ltr' id='par_1_2' title="bbox 1476 418 1990 486">
     <span class='ocr_line' id='line_1_2' title="bbox 1476 418 1990 486; baseline 0.014 -8"><span class='ocrx_word' id='word_1_2' title='bbox 1476 418 1815 479; x_wconf 76' lang='lat' dir='ltr'><strong>HOMILIA</strong></span> <span class='ocrx_word' id='word_1_3' title='bbox 1860 423 1990 486; x_wconf 71' lang='grc' dir='ltr'>ιιι.</span> 
     </span>
    </p>
   </div>
   <div class='ocr_carea' id='block_1_3' title="bbox 3273 418 3378 482">
    <p class='ocr_par' dir='ltr' id='par_1_3' title="bbox 3273 418 3378 482">
     <span class='ocr_line' id='line_1_3' title="bbox 3273 418 3378 482; baseline 0.01 -1"><span class='ocrx_word' id='word_1_4' title='bbox 3273 418 3378 482; x_wconf 75' lang='lat'><strong>9‘22</strong></span> 
     </span>
    </p>
   </div>
   <div class='ocr_carea' id='block_1_4' title="bbox 147 529 1723 607">
    <p class='ocr_par' dir='ltr' id='par_1_4' title="bbox 147 532 1699 607">
     <span class='ocr_line' id='line_1_4' title="bbox 147 532 1699 607; baseline -0.001 -21"><span class='ocrx_word' id='word_1_5' title='bbox 147 536 264 603; x_wconf 69' lang='grc' dir='ltr'>λήνς</span> <span class='ocrx_word' id='word_1_6' title='bbox 340 534 738 607; x_wconf 76' lang='grc' dir='ltr'>Ἀντερὴσομαί</span> <span class='ocrx_word' id='word_1_7' title='bbox 796 553 855 589; x_wconf 82' lang='grc' dir='ltr'><strong>σε</strong></span> <span class='ocrx_word' id='word_1_8' title='bbox 908 536 1002 589; x_wconf 81' lang='grc' dir='ltr'><strong>τδν</strong></span> <span class='ocrx_word' id='word_1_9' title='bbox 1054 534 1199 589; x_wconf 75' lang='grc' dir='ltr'>οὕτω</span> <span class='ocrx_word' id='word_1_10' title='bbox 1252 532 1699 603; x_wconf 80' lang='grc' dir='ltr'>Ορασυστομοῦν-</span> 
     </span>
    </p>
   </div>
   <div class='ocr_carea' id='block_1_5' title="bbox 1821 529 3377 607">
    <p class='ocr_par' dir='ltr' id='par_1_5' title="bbox 1825 529 3377 607">
     <span class='ocr_line' id='line_1_5' title="bbox 1825 529 3377 607; baseline -0.004 -20"><span class='ocrx_word' id='word_1_11' title='bbox 1825 535 2040 590; x_wconf 84' lang='lat' dir='ltr'><strong>ufuntes</strong></span> <span class='ocrx_word' id='word_1_12' title='bbox 2072 536 2337 591; x_wconf 81' lang='lat' dir='ltr'><strong>insidias?</strong></span> <span class='ocrx_word' id='word_1_13' title='bbox 2360 538 2465 593; x_wconf 91' lang='lat' dir='ltr'><strong>Sed</strong></span> <span class='ocrx_word' id='word_1_14' title='bbox 2490 551 2587 604; x_wconf 82' lang='lat' dir='ltr'><strong>ego</strong></span> <span class='ocrx_word' id='word_1_15' title='bbox 2607 545 2795 592; x_wconf 77' lang='lat' dir='ltr'><strong>contra</strong></span> <span class='ocrx_word' id='word_1_16' title='bbox 2821 547 3061 607; x_wconf 74' lang='lat' dir='ltr'><strong>quzeram</strong></span> <span class='ocrx_word' id='word_1_17' title='bbox 3092 546 3155 585; x_wconf 76' lang='lat' dir='ltr'><strong>ex</strong></span> <span class='ocrx_word' id='word_1_18' title='bbox 3186 539 3258 595; x_wconf 91' lang='lat' dir='ltr'><strong>te,</strong></span> <span class='ocrx_word' id='word_1_19' title='bbox 3286 529 3377 596; x_wconf 86' lang='lat' dir='ltr'><strong>qui</strong></span> 
     </span>
    </p>
   </div>
   <div class='ocr_carea' id='block_1_6' title="bbox 145 626 1703 694">
    <p class='ocr_par' dir='ltr' id='par_1_6' title="bbox 145 626 1703 694">
     <span class='ocr_line' id='line_1_6' title="bbox 145 626 1703 694; baseline -0.003 -15"><span class='ocrx_word' id='word_1_20' title='bbox 145 647 207 679; x_wconf 84' lang='grc' dir='ltr'><strong>ατ</strong></span> <span class='ocrx_word' id='word_1_21' title='bbox 276 628 453 694; x_wconf 80' lang='grc' dir='ltr'>κάγὼ,</span> <span class='ocrx_word' id='word_1_22' title='bbox 520 631 617 681; x_wconf 66' lang='grc' dir='ltr'>καὶ</span> <span class='ocrx_word' id='word_1_23' title='bbox 671 631 780 692; x_wconf 87' lang='grc' dir='ltr'>τοῖς</span> <span class='ocrx_word' id='word_1_24' title='bbox 860 628 954 682; x_wconf 89' lang='grc' dir='ltr'><strong>τοῦ</strong></span> <span class='ocrx_word' id='word_1_25' title='bbox 986 627 1123 680; x_wconf 83' lang='grc' dir='ltr'><strong>Θεοῦ</strong></span> <span class='ocrx_word' id='word_1_26' title='bbox 1174 628 1441 694; x_wconf 82' lang='grc' dir='ltr'>κρίμασιν</span> <span class='ocrx_word' id='word_1_27' title='bbox 1498 626 1703 692; x_wconf 75' lang='grc' dir='ltr'>ἀντεμ-</span> 
     </span>
    </p>
   </div>
   <div class='ocr_carea' id='block_1_7' title="bbox 146 714 1702 790">
    <p class='ocr_par' dir='ltr' id='par_1_7' title="bbox 146 714 1702 790">
     <span class='ocr_line' id='line_1_7' title="bbox 146 714 1702 790; baseline -0.001 -21"><span class='ocrx_word' id='word_1_28' title='bbox 146 720 410 772; x_wconf 79' lang='grc' dir='ltr'>εαίνοντα.</span> <span class='ocrx_word' id='word_1_29' title='bbox 461 720 612 773; x_wconf 81' lang='grc' dir='ltr'>Τίδὲ</span> <span class='ocrx_word' id='word_1_30' title='bbox 665 723 780 781; x_wconf 87' lang='grc' dir='ltr'>τοῖς</span> <span class='ocrx_word' id='word_1_31' title='bbox 837 720 1058 790; x_wconf 73' lang='grc' dir='ltr'>νηπίοις</span> <span class='ocrx_word' id='word_1_32' title='bbox 1105 720 1315 788; x_wconf 83' lang='grc' dir='ltr'>βέλτιον</span> <span class='ocrx_word' id='word_1_33' title='bbox 1373 714 1702 789; x_wconf 80' lang='grc' dir='ltr'>ἦν;(ιῦτως</span> 
     </span>
    </p>
   </div>
   <div class='ocr_carea' id='block_1_8' title="bbox 145 809 1702 883">
    <p class='ocr_par' dir='ltr' id='par_1_8' title="bbox 145 809 1702 883">
     <span class='ocr_line' id='line_1_8' title="bbox 145 809 1702 883; baseline -0.001 -20"><span class='ocrx_word' id='word_1_34' title='bbox 145 812 309 882; x_wconf 69' lang='grc' dir='ltr'>ἁτῐρως</span> <span class='ocrx_word' id='word_1_35' title='bbox 334 813 656 883; x_wconf 83' lang='grc' dir='ltr'>μαρτυρικῷ</span> <span class='ocrx_word' id='word_1_36' title='bbox 704 814 902 882; x_wconf 80' lang='grc' dir='ltr'>αἵματι</span> <span class='ocrx_word' id='word_1_37' title='bbox 944 812 1355 874; x_wconf 73' lang='grc' dir='ltr'><strong>τελειωθέντας,</strong></span> <span class='ocrx_word' id='word_1_38' title='bbox 1385 816 1484 873; x_wconf 73' lang='grc' dir='ltr'>τὰς</span> <span class='ocrx_word' id='word_1_39' title='bbox 1538 809 1702 862; x_wconf 84' lang='grc' dir='ltr'>πολυ-</span> 
     </span>
    </p>
   </div>
   <div class='ocr_carea' id='block_1_9' title="bbox 146 902 1706 976">
    <p class='ocr_par' dir='ltr' id='par_1_9' title="bbox 146 902 1706 976">
     <span class='ocr_line' id='line_1_9' title="bbox 146 902 1706 976; baseline -0.001 -22"><span class='ocrx_word' id='word_1_40' title='bbox 146 905 323 965; x_wconf 57' lang='lat' dir='ltr'><strong>mihi;</strong></span> <span class='ocrx_word' id='word_1_41' title='bbox 369 906 465 957; x_wconf 85' lang='grc' dir='ltr'><strong>τοῦ</strong></span> <span class='ocrx_word' id='word_1_42' title='bbox 525 906 643 975; x_wconf 81' lang='grc' dir='ltr'>βίου</span> <span class='ocrx_word' id='word_1_43' title='bbox 693 906 873 976; x_wconf 82' lang='grc' dir='ltr'>κῆρας</span> <span class='ocrx_word' id='word_1_44' title='bbox 921 908 1135 973; x_wconf 77' lang='grc' dir='ltr'>φυγεῖν,</span> <span class='ocrx_word' id='word_1_45' title='bbox 1195 904 1292 957; x_wconf 74' lang='grc' dir='ltr'>καὶ</span> <span class='ocrx_word' id='word_1_46' title='bbox 1342 904 1442 973; x_wconf 84' lang='grc' dir='ltr'><strong>τῆς</strong></span> <span class='ocrx_word' id='word_1_47' title='bbox 1491 902 1706 955; x_wconf 81' lang='grc' dir='ltr'>ἐκεῖθεν</span> 
     </span>
    </p>
   </div>
   <div class='ocr_carea' id='block_1_10' title="bbox 147 995 1707 1070">
    <p class='ocr_par' dir='ltr' id='par_1_10' title="bbox 147 995 1707 1070">
     <span class='ocr_line' id='line_1_10' title="bbox 147 995 1707 1070; baseline -0.001 -24"><span class='ocrx_word' id='word_1_48' title='bbox 147 1000 553 1065; x_wconf 76' lang='grc' dir='ltr'>κατατρυφῆσαι</span> <span class='ocrx_word' id='word_1_49' title='bbox 610 998 1031 1067; x_wconf 77' lang='grc' dir='ltr'><strong>μακαριότητος,</strong></span> <span class='ocrx_word' id='word_1_50' title='bbox 1067 1000 1097 1067; x_wconf 84' lang='grc' dir='ltr'><strong>ἢ</strong></span> <span class='ocrx_word' id='word_1_51' title='bbox 1144 998 1415 1070; x_wconf 74' lang='grc' dir='ltr'>ζήσαντας</span> <span class='ocrx_word' id='word_1_52' title='bbox 1458 996 1558 1066; x_wconf 81' lang='grc' dir='ltr'>τὴν</span> <span class='ocrx_word' id='word_1_53' title='bbox 1588 995 1707 1047; x_wconf 81' lang='grc' dir='ltr'>ἐπί-</span> 
     </span>
    </p>
   </div>
   <div class='ocr_carea' id='block_1_11' title="bbox 138 1090 1707 1162">
    <p class='ocr_par' dir='ltr' id='par_1_11' title="bbox 138 1090 1707 1162">
     <span class='ocr_line' id='line_1_11' title="bbox 138 1090 1707 1162; baseline 0.002 -23"><span class='ocrx_word' id='word_1_54' title='bbox 138 1106 297 1147; x_wconf 70' lang='grc' dir='ltr'>πονον</span> <span class='ocrx_word' id='word_1_55' title='bbox 326 1091 531 1158; x_wconf 82' lang='grc' dir='ltr'>ταύτην</span> <span class='ocrx_word' id='word_1_56' title='bbox 563 1090 729 1161; x_wconf 77' lang='grc' dir='ltr'>ζωὴν,</span> <span class='ocrx_word' id='word_1_57' title='bbox 766 1092 867 1160; x_wconf 82' lang='grc' dir='ltr'><strong>τῆς</strong></span> <span class='ocrx_word' id='word_1_58' title='bbox 921 1094 1198 1162; x_wconf 80' lang='grc' dir='ltr'><strong>πατρικῆς</strong></span> <span class='ocrx_word' id='word_1_59' title='bbox 1249 1092 1539 1154; x_wconf 81' lang='grc' dir='ltr'>ἀπειθείας</span> <span class='ocrx_word' id='word_1_60' title='bbox 1593 1108 1707 1143; x_wconf 87' lang='grc' dir='ltr'>κοι-</span> 
     </span>
    </p>
   </div>
   <div class='ocr_carea' id='block_1_12' title="bbox 148 1180 1709 1251">
    <p class='ocr_par' dir='ltr' id='par_1_12' title="bbox 148 1180 1709 1251">
     <span class='ocr_line' id='line_1_12' title="bbox 148 1180 1709 1251; baseline 0.001 -20"><span class='ocrx_word' id='word_1_61' title='bbox 148 1180 396 1247; x_wconf 81' lang='grc' dir='ltr'>νωνῆσαι,</span> <span class='ocrx_word' id='word_1_62' title='bbox 424 1182 518 1233; x_wconf 80' lang='grc' dir='ltr'><strong>καί</strong></span> <span class='ocrx_word' id='word_1_63' title='bbox 546 1181 647 1250; x_wconf 78' lang='grc' dir='ltr'><strong>τὴν</strong></span> <span class='ocrx_word' id='word_1_64' title='bbox 667 1180 839 1251; x_wconf 74' lang='grc' dir='ltr'>ἀσεϐῆ</span> <span class='ocrx_word' id='word_1_65' title='bbox 882 1185 980 1235; x_wconf 80' lang='grc' dir='ltr'><strong>καὶ</strong></span> <span class='ocrx_word' id='word_1_66' title='bbox 1014 1184 1297 1251; x_wconf 72' lang='grc' dir='ltr'>τολμηρὰν</span> <span class='ocrx_word' id='word_1_67' title='bbox 1330 1182 1548 1251; x_wconf 87' lang='grc' dir='ltr'>ἐκείνην</span> <span class='ocrx_word' id='word_1_68' title='bbox 1565 1180 1709 1234; x_wconf 83' lang='grc' dir='ltr'>κατά</span> 
     </span>
    </p>
   </div>
   <div class='ocr_carea' id='block_1_13' title="bbox 145 1270 1709 1346">
    <p class='ocr_par' dir='ltr' id='par_1_13' title="bbox 145 1270 1709 1346">
     <span class='ocr_line' id='line_1_13' title="bbox 145 1270 1709 1346; baseline 0.003 -24"><span class='ocrx_word' id='word_1_69' title='bbox 145 1270 231 1323; x_wconf 86' lang='grc' dir='ltr'><strong>τοῦ</strong></span> <span class='ocrx_word' id='word_1_70' title='bbox 279 1273 484 1342; x_wconf 79' lang='grc' dir='ltr'><strong>Κυρίου</strong></span> <span class='ocrx_word' id='word_1_71' title='bbox 535 1273 920 1346; x_wconf 77' lang='grc' dir='ltr'>ῥῆξαιφωνὴν,</span> <span class='ocrx_word' id='word_1_72' title='bbox 952 1272 1143 1345; x_wconf 72' lang='grc' dir='ltr'>Ἀρον,</span> <span class='ocrx_word' id='word_1_73' title='bbox 1183 1272 1341 1345; x_wconf 85' lang='grc' dir='ltr'>ἆρον,</span> <span class='ocrx_word' id='word_1_74' title='bbox 1387 1274 1709 1343; x_wconf 80' lang='grc' dir='ltr'>σταύρωσον</span> 
     </span>
    </p>
   </div>
   <div class='ocr_carea' id='block_1_14' title="bbox 148 1363 1707 1438">
    <p class='ocr_par' dir='ltr' id='par_1_14' title="bbox 148 1363 1707 1438">
     <span class='ocr_line' id='line_1_14' title="bbox 148 1363 1707 1438; baseline 0.002 -23"><span class='ocrx_word' id='word_1_75' title='bbox 148 1363 299 1417; x_wconf 83' lang='grc' dir='ltr'>αὐτόν</span> <span class='ocrx_word' id='word_1_76' title='bbox 328 1380 345 1395; x_wconf 86' lang='grc'>⁶</span> <span class='ocrx_word' id='word_1_77' title='bbox 375 1366 434 1418; x_wconf 80' lang='grc' dir='ltr'><strong>ἐν</strong></span> <span class='ocrx_word' id='word_1_78' title='bbox 463 1366 628 1438; x_wconf 74' lang='grc' dir='ltr'>πείρᾳ</span> <span class='ocrx_word' id='word_1_79' title='bbox 651 1385 711 1420; x_wconf 86' lang='grc' dir='ltr'><strong>τε</strong></span> <span class='ocrx_word' id='word_1_80' title='bbox 752 1368 1009 1436; x_wconf 81' lang='grc' dir='ltr'>γενέσθαι</span> <span class='ocrx_word' id='word_1_81' title='bbox 1064 1367 1173 1421; x_wconf 86' lang='grc' dir='ltr'><strong>τῶν</strong></span> <span class='ocrx_word' id='word_1_82' title='bbox 1204 1368 1453 1437; x_wconf 83' lang='grc' dir='ltr'>ὑστέρων</span> <span class='ocrx_word' id='word_1_83' title='bbox 1495 1368 1707 1431; x_wconf 82' lang='grc' dir='ltr'>κακῶν,</span> 
     </span>
    </p>
   </div>
   <div class='ocr_carea' id='block_1_15' title="bbox 148 1455 1711 1531">
    <p class='ocr_par' dir='ltr' id='par_1_15' title="bbox 148 1455 1711 1531">
     <span class='ocr_line' id='line_1_15' title="bbox 148 1455 1711 1531; baseline 0.003 -23"><span class='ocrx_word' id='word_1_84' title='bbox 148 1459 233 1508; x_wconf 73' lang='grc' dir='ltr'><strong>καὶ</strong></span> <span class='ocrx_word' id='word_1_85' title='bbox 257 1455 556 1510; x_wconf 76' lang='grc' dir='ltr'>δνσοίστων</span> <span class='ocrx_word' id='word_1_86' title='bbox 582 1459 684 1525; x_wconf 83' lang='grc' dir='ltr'>τῆς</span> <span class='ocrx_word' id='word_1_87' title='bbox 714 1460 1097 1531; x_wconf 75' lang='grc' dir='ltr'><strong>αἰχμαλωσίας</strong></span> <span class='ocrx_word' id='word_1_88' title='bbox 1120 1460 1437 1531; x_wconf 83' lang='grc' dir='ltr'>συμφορῶν,</span> <span class='ocrx_word' id='word_1_89' title='bbox 1470 1460 1711 1528; x_wconf 78' lang='grc' dir='ltr'><strong>ὁπηνίκα</strong></span> 
     </span>
    </p>
   </div>
   <div class='ocr_carea' id='block_1_16' title="bbox 150 1548 1712 1624">
    <p class='ocr_par' dir='ltr' id='par_1_16' title="bbox 150 1548 1712 1624">
     <span class='ocr_line' id='line_1_16' title="bbox 150 1548 1712 1624; baseline 0.004 -26"><span class='ocrx_word' id='word_1_90' title='bbox 150 1548 613 1620; x_wconf 71' lang='grc' dir='ltr'>πολιορκούμενοι,</span> <span class='ocrx_word' id='word_1_91' title='bbox 648 1552 743 1604; x_wconf 78' lang='grc' dir='ltr'><strong>καὶ</strong></span> <span class='ocrx_word' id='word_1_92' title='bbox 790 1553 1303 1623; x_wconf 87' lang='grc' dir='ltr'>λιμαγχονούμενοι,</span> <span class='ocrx_word' id='word_1_93' title='bbox 1347 1554 1439 1624; x_wconf 72' lang='grc' dir='ltr'><strong>καὶ</strong></span> <span class='ocrx_word' id='word_1_94' title='bbox 1491 1552 1712 1622; x_wconf 83' lang='grc' dir='ltr'>σαρκῶν</span> 
     </span>
    </p>
   </div>
   <div class='ocr_carea' id='block_1_17' title="bbox 147 1640 1715 1716">
    <p class='ocr_par' dir='ltr' id='par_1_17' title="bbox 147 1640 1715 1716">
     <span class='ocr_line' id='line_1_17' title="bbox 147 1640 1715 1716; baseline 0.004 -24"><span class='ocrx_word' id='word_1_95' title='bbox 147 1640 501 1711; x_wconf 74' lang='grc' dir='ltr'>ἀνθρωπίνων</span> <span class='ocrx_word' id='word_1_96' title='bbox 562 1645 878 1713; x_wconf 78' lang='grc' dir='ltr'>ἐγεύσαντο,</span> <span class='ocrx_word' id='word_1_97' title='bbox 912 1648 1153 1711; x_wconf 74' lang='grc' dir='ltr'>ἁλῶν-τες</span> <span class='ocrx_word' id='word_1_98' title='bbox 1199 1648 1255 1701; x_wconf 83' lang='grc' dir='ltr'>δὲ</span> <span class='ocrx_word' id='word_1_99' title='bbox 1306 1646 1551 1716; x_wconf 81' lang='grc' dir='ltr'>ἀνηλεῶς</span> <span class='ocrx_word' id='word_1_100' title='bbox 1583 1664 1715 1699; x_wconf 87' lang='grc' dir='ltr'>κατ-</span> 
     </span>
    </p>
   </div>
   <div class='ocr_carea' id='block_1_18' title="bbox 145 1732 1714 1812">
    <p class='ocr_par' dir='ltr' id='par_1_18' title="bbox 145 1732 1714 1812">
     <span class='ocr_line' id='line_1_18' title="bbox 145 1732 1714 1812; baseline 0.006 -28"><span class='ocrx_word' id='word_1_101' title='bbox 145 1734 416 1804; x_wconf 76' lang='grc' dir='ltr'>εκόπησαν</span> <span class='ocrx_word' id='word_1_102' title='bbox 452 1752 467 1800; x_wconf 89' lang='lat'><strong>;</strong></span> <span class='ocrx_word' id='word_1_103' title='bbox 498 1732 626 1807; x_wconf 69' lang='grc' dir='ltr'><strong>Ἆρ’</strong></span> <span class='ocrx_word' id='word_1_104' title='bbox 675 1735 770 1791; x_wconf 85' lang='grc' dir='ltr'><strong>οῦν</strong></span> <span class='ocrx_word' id='word_1_105' title='bbox 820 1741 883 1793; x_wconf 83' lang='grc' dir='ltr'>οὐ</span> <span class='ocrx_word' id='word_1_106' title='bbox 935 1743 1078 1809; x_wconf 80' lang='grc' dir='ltr'>μέγα</span> <span class='ocrx_word' id='word_1_107' title='bbox 1140 1741 1330 1812; x_wconf 81' lang='grc' dir='ltr'>κέρδος</span> <span class='ocrx_word' id='word_1_108' title='bbox 1384 1744 1495 1803; x_wconf 84' lang='grc' dir='ltr'>τοῖς</span> <span class='ocrx_word' id='word_1_109' title='bbox 1546 1742 1714 1811; x_wconf 77' lang='grc' dir='ltr'>ἱεροῖς</span> 
     </span>
    </p>
   </div>
   <div class='ocr_carea' id='block_1_19' title="bbox 147 1826 1165 1900">
    <p class='ocr_par' dir='ltr' id='par_1_19' title="bbox 147 1826 1165 1900">
     <span class='ocr_line' id='line_1_19' title="bbox 147 1826 1165 1900; baseline 0.011 -25"><span class='ocrx_word' id='word_1_110' title='bbox 147 1826 352 1895; x_wconf 80' lang='grc' dir='ltr'>νηπίοις</span> <span class='ocrx_word' id='word_1_111' title='bbox 381 1829 410 1881; x_wconf 99' lang='lat'><strong>6</strong></span> <span class='ocrx_word' id='word_1_112' title='bbox 454 1828 640 1893; x_wconf 73' lang='grc' dir='ltr'>ἄδικος</span> <span class='ocrx_word' id='word_1_113' title='bbox 668 1831 860 1900; x_wconf 87' lang='grc' dir='ltr'>γέγονε</span> <span class='ocrx_word' id='word_1_114' title='bbox 891 1831 1124 1895; x_wconf 82' lang='grc' dir='ltr'>θάνατος</span> <span class='ocrx_word' id='word_1_115' title='bbox 1150 1849 1165 1898; x_wconf 90' lang='grc'>;</span> 
     </span>
    </p>
   </div>
   <div class='ocr_carea' id='block_1_20' title="bbox 207 1997 1711 2080">
    <p class='ocr_par' dir='ltr' id='par_1_20' title="bbox 207 1997 1711 2080">
     <span class='ocr_line' id='line_1_20' title="bbox 207 1997 1711 2080; baseline 0.005 -25"><span class='ocrx_word' id='word_1_116' title='bbox 207 1997 313 2055; x_wconf 85' lang='grc' dir='ltr'>Ἦν</span> <span class='ocrx_word' id='word_1_117' title='bbox 346 2004 448 2072; x_wconf 80' lang='grc' dir='ltr'>μὲν</span> <span class='ocrx_word' id='word_1_118' title='bbox 478 2004 573 2057; x_wconf 70' lang='grc' dir='ltr'><strong>καὶ</strong></span> <span class='ocrx_word' id='word_1_119' title='bbox 601 2003 769 2066; x_wconf 77' lang='grc' dir='ltr'>ἄλλας</span> <span class='ocrx_word' id='word_1_120' title='bbox 798 2006 981 2070; x_wconf 85' lang='grc' dir='ltr'>αίτίας</span> <span class='ocrx_word' id='word_1_121' title='bbox 1014 2008 1313 2078; x_wconf 75' lang='grc' dir='ltr'>προσϐῆναι</span> <span class='ocrx_word' id='word_1_122' title='bbox 1344 2012 1444 2078; x_wconf 78' lang='grc' dir='ltr'>τῆς</span> <span class='ocrx_word' id='word_1_123' title='bbox 1475 2025 1582 2062; x_wconf 84' lang='grc' dir='ltr'><strong>των</strong></span> <span class='ocrx_word' id='word_1_124' title='bbox 1612 2029 1711 2080; x_wconf 78' lang='grc' dir='ltr'>νη-</span> 
     </span>
    </p>
   </div>
   <div class='ocr_carea' id='block_1_21' title="bbox 147 2093 1712 2167">
    <p class='ocr_par' dir='ltr' id='par_1_21' title="bbox 147 2093 1712 2167">
     <span class='ocr_line' id='line_1_21' title="bbox 147 2093 1712 2167; baseline 0.006 -23"><span class='ocrx_word' id='word_1_125' title='bbox 147 2093 273 2147; x_wconf 81' lang='grc' dir='ltr'>πίων</span> <span class='ocrx_word' id='word_1_126' title='bbox 303 2095 546 2163; x_wconf 73' lang='grc' dir='ltr'>σφαγῆς,</span> <span class='ocrx_word' id='word_1_127' title='bbox 577 2096 691 2149; x_wconf 76' lang='grc' dir='ltr'>ἀλλ’</span> <span class='ocrx_word' id='word_1_128' title='bbox 718 2099 900 2167; x_wconf 81' lang='grc' dir='ltr'>ἐνηχεῖ</span> <span class='ocrx_word' id='word_1_129' title='bbox 934 2115 1036 2167; x_wconf 86' lang='grc' dir='ltr'><strong>μου</strong></span> <span class='ocrx_word' id='word_1_130' title='bbox 1068 2099 1166 2163; x_wconf 83' lang='grc' dir='ltr'>τὰς</span> <span class='ocrx_word' id='word_1_131' title='bbox 1199 2100 1292 2153; x_wconf 86' lang='grc' dir='ltr'><strong>τοῦ</strong></span> <span class='ocrx_word' id='word_1_132' title='bbox 1326 2100 1445 2165; x_wconf 75' lang='grc' dir='ltr'>νοὸς</span> <span class='ocrx_word' id='word_1_133' title='bbox 1479 2102 1649 2163; x_wconf 71' lang='grc' dir='ltr'>ἀκοὰς</span> <span class='ocrx_word' id='word_1_134' title='bbox 1682 2102 1712 2154; x_wconf 96' lang='lat'><strong>6</strong></span> 
     </span>
    </p>
   </div>
   <div class='ocr_carea' id='block_1_22' title="bbox 146 2182 1713 2255">
    <p class='ocr_par' dir='ltr' id='par_1_22' title="bbox 146 2182 1713 2255">
     <span class='ocr_line' id='line_1_22' title="bbox 146 2182 1713 2255; baseline 0.007 -21"><span class='ocrx_word' id='word_1_135' title='bbox 146 2182 258 2235; x_wconf 87' lang='grc' dir='ltr'>τότε</span> <span class='ocrx_word' id='word_1_136' title='bbox 297 2184 591 2253; x_wconf 82' lang='grc' dir='ltr'>γενόμενος</span> <span class='ocrx_word' id='word_1_137' title='bbox 630 2184 889 2255; x_wconf 81' lang='grc' dir='ltr'>θόρυόος,</span> <span class='ocrx_word' id='word_1_138' title='bbox 930 2188 1028 2241; x_wconf 72' lang='grc' dir='ltr'><strong>καὶ</strong></span> <span class='ocrx_word' id='word_1_139' title='bbox 1063 2189 1126 2242; x_wconf 78' lang='grc' dir='ltr'>τὸ</span> <span class='ocrx_word' id='word_1_140' title='bbox 1172 2190 1313 2243; x_wconf 73' lang='grc' dir='ltr'>κατὰ</span> <span class='ocrx_word' id='word_1_141' title='bbox 1354 2190 1464 2243; x_wconf 89' lang='grc' dir='ltr'><strong>τῶν</strong></span> <span class='ocrx_word' id='word_1_142' title='bbox 1507 2192 1713 2245; x_wconf 83' lang='grc' dir='ltr'>παίδων</span> 
     </span>
    </p>
   </div>
   <div class='ocr_carea' id='block_1_23' title="bbox 148 2276 1713 2355">
    <p class='ocr_par' dir='ltr' id='par_1_23' title="bbox 148 2276 1713 2355">
     <span class='ocr_line' id='line_1_23' title="bbox 148 2276 1713 2355; baseline 0.007 -28"><span class='ocrx_word' id='word_1_143' title='bbox 148 2276 515 2346; x_wconf 82' lang='grc' dir='ltr'>ἀπηνέστατον</span> <span class='ocrx_word' id='word_1_144' title='bbox 546 2286 895 2350; x_wconf 80' lang='grc' dir='ltr'>πρόσταγμα,</span> <span class='ocrx_word' id='word_1_145' title='bbox 918 2282 1026 2335; x_wconf 74' lang='grc' dir='ltr'>-καὶ</span> <span class='ocrx_word' id='word_1_146' title='bbox 1068 2284 1100 2352; x_wconf 82' lang='grc' dir='ltr'><strong>ή</strong></span> <span class='ocrx_word' id='word_1_147' title='bbox 1144 2282 1529 2337; x_wconf 79' lang='grc' dir='ltr'>ἀκουτισθεῖσα</span> <span class='ocrx_word' id='word_1_148' title='bbox 1563 2286 1713 2355; x_wconf 82' lang='grc' dir='ltr'>φωνὴ</span> 
     </span>
    </p>
   </div>
   <div class='ocr_carea' id='block_1_24' title="bbox 148 2365 1717 2446">
    <p class='ocr_par' dir='ltr' id='par_1_24' title="bbox 148 2365 1717 2446">
     <span class='ocr_line' id='line_1_24' title="bbox 148 2365 1717 2446; baseline 0.008 -29"><span class='ocrx_word' id='word_1_149' title='bbox 148 2365 202 2418; x_wconf 70' lang='grc' dir='ltr'><strong>ἐν</strong></span> <span class='ocrx_word' id='word_1_150' title='bbox 224 2367 426 2440; x_wconf 79' lang='grc' dir='ltr'>Ῥαμᾷ,</span> <span class='ocrx_word' id='word_1_151' title='bbox 451 2372 548 2423; x_wconf 88' lang='grc' dir='ltr'>καὶ</span> <span class='ocrx_word' id='word_1_152' title='bbox 572 2371 633 2424; x_wconf 77' lang='grc' dir='ltr'>τὸ</span> <span class='ocrx_word' id='word_1_153' title='bbox 661 2371 818 2435; x_wconf 80' lang='grc' dir='ltr'>Οὐαὶ,</span> <span class='ocrx_word' id='word_1_154' title='bbox 846 2372 940 2424; x_wconf 78' lang='grc' dir='ltr'><strong>καὶ</strong></span> <span class='ocrx_word' id='word_1_155' title='bbox 968 2374 997 2425; x_wconf 90' lang='lat'><strong>6</strong></span> <span class='ocrx_word' id='word_1_156' title='bbox 1025 2373 1222 2444; x_wconf 84' lang='grc' dir='ltr'>θρῆνος</span> <span class='ocrx_word' id='word_1_157' title='bbox 1243 2376 1342 2442; x_wconf 75' lang='grc' dir='ltr'>τῆς</span> <span class='ocrx_word' id='word_1_158' title='bbox 1372 2374 1573 2446; x_wconf 77' lang='grc' dir='ltr'>Ῥαχὴλ</span> <span class='ocrx_word' id='word_1_159' title='bbox 1599 2378 1717 2430; x_wconf 79' lang='grc' dir='ltr'>ἐκεῖ</span> 
     </span>
    </p>
   </div>
   <div class='ocr_carea' id='block_1_25' title="bbox 146 2461 1711 2537">
    <p class='ocr_par' dir='ltr' id='par_1_25' title="bbox 146 2461 1711 2537">
     <span class='ocr_line' id='line_1_25' title="bbox 146 2461 1711 2537; baseline 0.006 -25"><span class='ocrx_word' id='word_1_160' title='bbox 146 2461 230 2513; x_wconf 67' lang='grc' dir='ltr'>τὸν</span> <span class='ocrx_word' id='word_1_161' title='bbox 251 2461 411 2530; x_wconf 87' lang='grc' dir='ltr'>λόγον</span> <span class='ocrx_word' id='word_1_162' title='bbox 438 2463 756 2531; x_wconf 81' lang='grc' dir='ltr'>ὑφέλκεται.</span> <span class='ocrx_word' id='word_1_163' title='bbox 794 2464 955 2516; x_wconf 80' lang='grc' dir='ltr'>Ἀλλὰ</span> <span class='ocrx_word' id='word_1_164' title='bbox 986 2467 1139 2528; x_wconf 86' lang='grc' dir='ltr'>ποῖος</span> <span class='ocrx_word' id='word_1_165' title='bbox 1165 2466 1230 2518; x_wconf 83' lang='grc' dir='ltr'>ἂν</span> <span class='ocrx_word' id='word_1_166' title='bbox 1258 2468 1502 2536; x_wconf 76' lang='grc' dir='ltr'>ἐφίκοιτο</span> <span class='ocrx_word' id='word_1_167' title='bbox 1534 2470 1711 2537; x_wconf 81' lang='grc' dir='ltr'>λόγος,</span> 
     </span>
    </p>
   </div>
   <div class='ocr_carea' id='block_1_26' title="bbox 150 2554 1717 2632">
    <p class='ocr_par' dir='ltr' id='par_1_26' title="bbox 150 2554 1717 2632">
     <span class='ocr_line' id='line_1_26' title="bbox 150 2554 1717 2632; baseline 0.004 -24"><span class='ocrx_word' id='word_1_168' title='bbox 150 2554 274 2623; x_wconf 80' lang='grc' dir='ltr'>πρὸς</span> <span class='ocrx_word' id='word_1_169' title='bbox 305 2559 565 2609; x_wconf 82' lang='grc' dir='ltr'>τοσούτου</span> <span class='ocrx_word' id='word_1_170' title='bbox 601 2556 807 2618; x_wconf 76' lang='grc' dir='ltr'>πάθους</span> <span class='ocrx_word' id='word_1_171' title='bbox 842 2558 1153 2627; x_wconf 83' lang='grc' dir='ltr'>ἅφήγησιν;</span> <span class='ocrx_word' id='word_1_172' title='bbox 1186 2559 1280 2621; x_wconf 84' lang='grc' dir='ltr'>Τίς</span> <span class='ocrx_word' id='word_1_173' title='bbox 1314 2561 1479 2626; x_wconf 79' lang='grc' dir='ltr'>ἀξίως</span> <span class='ocrx_word' id='word_1_174' title='bbox 1515 2565 1717 2632; x_wconf 83' lang='grc' dir='ltr'>ἐκτρα-</span> 
     </span>
    </p>
   </div>
   <div class='ocr_carea' id='block_1_27' title="bbox 152 2646 1716 2722">
    <p class='ocr_par' dir='ltr' id='par_1_27' title="bbox 152 2646 1716 2722">
     <span class='ocr_line' id='line_1_27' title="bbox 152 2646 1716 2722; baseline 0.008 -25"><span class='ocrx_word' id='word_1_175' title='bbox 152 2646 405 2717; x_wconf 81' lang='grc' dir='ltr'>γῳδήσειε</span> <span class='ocrx_word' id='word_1_176' title='bbox 432 2649 533 2717; x_wconf 84' lang='grc' dir='ltr'>τῆς</span> <span class='ocrx_word' id='word_1_177' title='bbox 562 2652 852 2719; x_wconf 77' lang='grc' dir='ltr'>συμφορᾶς</span> <span class='ocrx_word' id='word_1_178' title='bbox 880 2653 1098 2721; x_wconf 75' lang='grc' dir='ltr'>ἐκείνης</span> <span class='ocrx_word' id='word_1_179' title='bbox 1126 2653 1188 2706; x_wconf 81' lang='grc' dir='ltr'>τὸ</span> <span class='ocrx_word' id='word_1_180' title='bbox 1219 2656 1483 2722; x_wconf 88' lang='grc' dir='ltr'>μέγεθος;</span> <span class='ocrx_word' id='word_1_181' title='bbox 1514 2655 1559 2707; x_wconf 84' lang='grc' dir='ltr'><strong>ὣ</strong></span> <span class='ocrx_word' id='word_1_182' title='bbox 1587 2657 1716 2720; x_wconf 82' lang='grc' dir='ltr'>θέας</span> 
     </span>
    </p>
   </div>
   <div class='ocr_carea' id='block_1_28' title="bbox 152 2738 1718 2819">
    <p class='ocr_par' dir='ltr' id='par_1_28' title="bbox 152 2738 1718 2819">
     <span class='ocr_line' id='line_1_28' title="bbox 152 2738 1718 2819; baseline 0.008 -29"><span class='ocrx_word' id='word_1_183' title='bbox 152 2738 453 2809; x_wconf 70' lang='grc' dir='ltr'>ἁπευκτῆςῑ</span> <span class='ocrx_word' id='word_1_184' title='bbox 497 2739 543 2793; x_wconf 89' lang='grc' dir='ltr'><strong>ῶ</strong></span> <span class='ocrx_word' id='word_1_185' title='bbox 586 2741 785 2806; x_wconf 81' lang='grc' dir='ltr'>γνόφου</span> <span class='ocrx_word' id='word_1_186' title='bbox 834 2743 1007 2797; x_wconf 83' lang='grc' dir='ltr'>δεινοῦ</span> <span class='ocrx_word' id='word_1_187' title='bbox 1056 2747 1421 2815; x_wconf 78' lang='grc' dir='ltr'>κατασχόντος</span> <span class='ocrx_word' id='word_1_188' title='bbox 1457 2748 1580 2801; x_wconf 86' lang='grc' dir='ltr'>τότε</span> <span class='ocrx_word' id='word_1_189' title='bbox 1619 2748 1718 2819; x_wconf 76' lang='grc' dir='ltr'><strong>τὴν</strong></span> 
     </span>
    </p>
   </div>
   <div class='ocr_carea' id='block_1_29' title="bbox 152 2828 1718 2908">
    <p class='ocr_par' dir='ltr' id='par_1_29' title="bbox 152 2828 1718 2908">
     <span class='ocr_line' id='line_1_29' title="bbox 152 2828 1718 2908; baseline 0.007 -26"><span class='ocrx_word' id='word_1_190' title='bbox 152 2828 421 2901; x_wconf 78' lang='grc' dir='ltr'>ΒηθλεέμΙ</span> <span class='ocrx_word' id='word_1_191' title='bbox 462 2830 510 2884; x_wconf 85' lang='grc' dir='ltr'><strong>ὣ</strong></span> <span class='ocrx_word' id='word_1_192' title='bbox 551 2832 822 2898; x_wconf 76' lang='grc' dir='ltr'>γυναικῶν</span> <span class='ocrx_word' id='word_1_193' title='bbox 863 2835 1160 2904; x_wconf 77' lang='grc' dir='ltr'>ὁλολυγῆς,</span> <span class='ocrx_word' id='word_1_194' title='bbox 1202 2841 1450 2908; x_wconf 76' lang='grc' dir='ltr'>οἰμωγῆς</span> <span class='ocrx_word' id='word_1_195' title='bbox 1490 2858 1547 2892; x_wconf 85' lang='grc' dir='ltr'><strong>τε</strong></span> <span class='ocrx_word' id='word_1_196' title='bbox 1589 2841 1718 2893; x_wconf 82' lang='grc' dir='ltr'>παί-</span> 
     </span>
    </p>
   </div>
   <div class='ocr_carea' id='block_1_30' title="bbox 153 2922 1713 3002">
    <p class='ocr_par' dir='ltr' id='par_1_30' title="bbox 153 2922 1713 3002">
     <span class='ocr_line' id='line_1_30' title="bbox 153 2922 1713 3002; baseline 0.007 -28"><span class='ocrx_word' id='word_1_197' title='bbox 153 2923 245 2974; x_wconf 83' lang='grc' dir='ltr'><strong>δων</strong></span> <span class='ocrx_word' id='word_1_198' title='bbox 277 2922 675 2992; x_wconf 62' lang='grc' dir='ltr'>ἁρπαζομένων</span> <span class='ocrx_word' id='word_1_199' title='bbox 708 2925 788 2987; x_wconf 85' lang='grc' dir='ltr'><strong>είς</strong></span> <span class='ocrx_word' id='word_1_200' title='bbox 827 2926 1076 2996; x_wconf 80' lang='grc' dir='ltr'>δλεθρονί</span> <span class='ocrx_word' id='word_1_201' title='bbox 1118 2928 1409 2999; x_wconf 83' lang='grc' dir='ltr'>Ἐθρήνουν</span> <span class='ocrx_word' id='word_1_202' title='bbox 1444 2933 1713 3002; x_wconf 80' lang='grc' dir='ltr'>πατέρες,</span> 
     </span>
    </p>
   </div>
   <div class='ocr_carea' id='block_1_31' title="bbox 156 3016 1718 3096">
    <p class='ocr_par' dir='ltr' id='par_1_31' title="bbox 156 3016 1718 3096">
     <span class='ocr_line' id='line_1_31' title="bbox 156 3016 1718 3096; baseline 0.006 -31"><span class='ocrx_word' id='word_1_203' title='bbox 156 3016 517 3084; x_wconf 80' lang='grc' dir='ltr'>προσέπιπτον</span> <span class='ocrx_word' id='word_1_204' title='bbox 544 3018 657 3078; x_wconf 83' lang='grc' dir='ltr'>τοῖς</span> <span class='ocrx_word' id='word_1_205' title='bbox 690 3017 1077 3087; x_wconf 80' lang='grc' dir='ltr'>στρατιώταις,</span> <span class='ocrx_word' id='word_1_206' title='bbox 1110 3022 1375 3087; x_wconf 77' lang='grc' dir='ltr'>ἱκέτευον,</span> <span class='ocrx_word' id='word_1_207' title='bbox 1408 3026 1498 3077; x_wconf 79' lang='grc' dir='ltr'><strong>καὶ</strong></span> <span class='ocrx_word' id='word_1_208' title='bbox 1533 3026 1718 3096; x_wconf 80' lang='grc' dir='ltr'>μήτηρ</span> 
     </span>
    </p>
   </div>
   <div class='ocr_carea' id='block_1_32' title="bbox 156 3108 1714 3186">
    <p class='ocr_par' dir='ltr' id='par_1_32' title="bbox 156 3108 1714 3186">
     <span class='ocr_line' id='line_1_32' title="bbox 156 3108 1714 3186; baseline 0.01 -31"><span class='ocrx_word' id='word_1_209' title='bbox 156 3108 505 3176; x_wconf 83' lang='grc' dir='ltr'>περιεκέχυτο</span> <span class='ocrx_word' id='word_1_210' title='bbox 562 3109 763 3172; x_wconf 87' lang='grc' dir='ltr'>παῖδα,</span> <span class='ocrx_word' id='word_1_211' title='bbox 819 3110 1001 3180; x_wconf 78' lang='grc' dir='ltr'>πατὴρ</span> <span class='ocrx_word' id='word_1_212' title='bbox 1052 3110 1109 3164; x_wconf 78' lang='grc' dir='ltr'>δὲ</span> <span class='ocrx_word' id='word_1_213' title='bbox 1161 3114 1478 3167; x_wconf 81' lang='grc' dir='ltr'>ἀνεκαλεῖτο</span> <span class='ocrx_word' id='word_1_214' title='bbox 1529 3119 1714 3186; x_wconf 81' lang='grc' dir='ltr'>γονήν.</span> 
     </span>
    </p>
   </div>
   <div class='ocr_carea' id='block_1_33' title="bbox 1808 621 3378 697">
    <p class='ocr_par' dir='ltr' id='par_1_33' title="bbox 1808 621 3378 697">
     <span class='ocr_line' id='line_1_33' title="bbox 1808 621 3378 697; baseline -0.005 -17"><span class='ocrx_word' id='word_1_215' title='bbox 1808 636 1917 680; x_wconf 89' lang='lat' dir='ltr'><strong>tam</strong></span> <span class='ocrx_word' id='word_1_216' title='bbox 1976 631 2235 683; x_wconf 77' lang='lat' dir='ltr'><strong>audacter</strong></span> <span class='ocrx_word' id='word_1_217' title='bbox 2281 627 2519 697; x_wconf 89' lang='lat' dir='ltr'><strong>loqueris</strong></span> <span class='ocrx_word' id='word_1_218' title='bbox 2558 637 2610 683; x_wconf 90' lang='lat' dir='ltr'><strong>et</strong></span> <span class='ocrx_word' id='word_1_219' title='bbox 2640 627 2838 695; x_wconf 82' lang='lat' dir='ltr'><strong>judicia</strong></span> <span class='ocrx_word' id='word_1_220' title='bbox 2878 627 3059 679; x_wconf 89' lang='lat' dir='ltr'><strong>divina</strong></span> <span class='ocrx_word' id='word_1_221' title='bbox 3094 621 3378 693; x_wconf 81' lang='lat' dir='ltr'><strong>pervadis;</strong></span> 
     </span>
    </p>
   </div>
   <div class='ocr_carea' id='block_1_34' title="bbox 1806 712 3380 785">
    <p class='ocr_par' dir='ltr' id='par_1_34' title="bbox 1806 712 3380 785">
     <span class='ocr_line' id='line_1_34' title="bbox 1806 712 3380 785; baseline -0.006 -15"><span class='ocrx_word' id='word_1_222' title='bbox 1806 718 1945 785; x_wconf 92' lang='lat' dir='ltr'><strong>Quid</strong></span> <span class='ocrx_word' id='word_1_223' title='bbox 1984 734 2114 774; x_wconf 85' lang='lat' dir='ltr'><strong>vero</strong></span> <span class='ocrx_word' id='word_1_224' title='bbox 2148 718 2342 772; x_wconf 88' lang='lat' dir='ltr'><strong>melius</strong></span> <span class='ocrx_word' id='word_1_225' title='bbox 2384 717 2678 771; x_wconf 74' lang='lat' dir='ltr'><strong>infantibus</strong></span> <span class='ocrx_word' id='word_1_226' title='bbox 2720 717 2940 770; x_wconf 81' lang='lat' dir='ltr'><strong>evenire</strong></span> <span class='ocrx_word' id='word_1_227' title='bbox 2986 712 3241 784; x_wconf 76' lang='lat' dir='ltr'><strong>poterat?</strong></span> <span class='ocrx_word' id='word_1_228' title='bbox 3272 722 3380 764; x_wconf 87' lang='lat' dir='ltr'><strong>tam</strong></span> 
     </span>
    </p>
   </div>
   <div class='ocr_carea' id='block_1_35' title="bbox 1810 808 3383 881">
    <p class='ocr_par' dir='ltr' id='par_1_35' title="bbox 1810 808 3383 881">
     <span class='ocr_line' id='line_1_35' title="bbox 1810 808 3383 881; baseline -0.006 -16"><span class='ocrx_word' id='word_1_229' title='bbox 1810 825 2151 880; x_wconf 69' lang='lat' dir='ltr'><strong>prmpropere</strong></span> <span class='ocrx_word' id='word_1_230' title='bbox 2208 810 2453 881; x_wconf 89' lang='lat' dir='ltr'><strong>martyrii</strong></span> <span class='ocrx_word' id='word_1_231' title='bbox 2490 808 2754 878; x_wconf 75' lang='lat' dir='ltr'><strong>sanguine</strong></span> <span class='ocrx_word' id='word_1_232' title='bbox 2774 815 3203 867; x_wconf 84' lang='lat' dir='ltr'><strong>consummatos,</strong></span> <span class='ocrx_word' id='word_1_233' title='bbox 3231 814 3307 856; x_wconf 85' lang='lat' dir='ltr'><strong>tot</strong></span> <span class='ocrx_word' id='word_1_234' title='bbox 3329 812 3383 855; x_wconf 89' lang='lat' dir='ltr'><strong>et</strong></span> 
     </span>
    </p>
   </div>
   <div class='ocr_carea' id='block_1_36' title="bbox 1810 894 3382 969">
    <p class='ocr_par' dir='ltr' id='par_1_36' title="bbox 1810 894 3382 969">
     <span class='ocr_line' id='line_1_36' title="bbox 1810 894 3382 969; baseline -0.008 -11"><span class='ocrx_word' id='word_1_235' title='bbox 1810 912 1917 958; x_wconf 85' lang='lat' dir='ltr'><strong>tant</strong></span> <span class='ocrx_word' id='word_1_236' title='bbox 1967 919 2267 958; x_wconf 67' lang='lat' dir='ltr'><strong>aerumnosa</strong></span> <span class='ocrx_word' id='word_1_237' title='bbox 2321 902 2430 956; x_wconf 81' lang='lat' dir='ltr'><strong>fata</strong></span> <span class='ocrx_word' id='word_1_238' title='bbox 2479 902 2601 954; x_wconf 70' lang='lat' dir='ltr'><strong>vita:</strong></span> <span class='ocrx_word' id='word_1_239' title='bbox 2648 900 2805 969; x_wconf 83' lang='lat' dir='ltr'><strong>hujus</strong></span> <span class='ocrx_word' id='word_1_240' title='bbox 2852 898 3114 965; x_wconf 74' lang='lat' dir='ltr'><strong>effugere,</strong></span> <span class='ocrx_word' id='word_1_241' title='bbox 3154 903 3206 948; x_wconf 88' lang='lat' dir='ltr'><strong>et</strong></span> <span class='ocrx_word' id='word_1_242' title='bbox 3238 894 3382 946; x_wconf 90' lang='lat' dir='ltr'><strong>illius</strong></span> 
     </span>
    </p>
   </div>
   <div class='ocr_carea' id='block_1_37' title="bbox 1809 987 3383 1065">
    <p class='ocr_par' dir='ltr' id='par_1_37' title="bbox 1809 987 3383 1065">
     <span class='ocr_line' id='line_1_37' title="bbox 1809 987 3383 1065; baseline -0.008 -15"><span class='ocrx_word' id='word_1_243' title='bbox 1809 997 2034 1051; x_wconf 76' lang='lat' dir='ltr'><strong>alterius</strong></span> <span class='ocrx_word' id='word_1_244' title='bbox 2081 996 2416 1051; x_wconf 82' lang='lat' dir='ltr'><strong>beatitudine</strong></span> <span class='ocrx_word' id='word_1_245' title='bbox 2463 994 2708 1065; x_wconf 87' lang='lat' dir='ltr'><strong>perfrui;</strong></span> <span class='ocrx_word' id='word_1_246' title='bbox 2762 1009 2829 1047; x_wconf 91' lang='lat' dir='ltr'><strong>an</strong></span> <span class='ocrx_word' id='word_1_247' title='bbox 2880 991 3204 1046; x_wconf 81' lang='lat' dir='ltr'><strong>laboriosam</strong></span> <span class='ocrx_word' id='word_1_248' title='bbox 3246 987 3383 1040; x_wconf 86' lang='lat' dir='ltr'><strong>hanc</strong></span> 
     </span>
    </p>
   </div>
   <div class='ocr_carea' id='block_1_38' title="bbox 1809 1078 3383 1155">
    <p class='ocr_par' dir='ltr' id='par_1_38' title="bbox 1809 1078 3383 1155">
     <span class='ocr_line' id='line_1_38' title="bbox 1809 1078 3383 1155; baseline -0.009 -12"><span class='ocrx_word' id='word_1_249' title='bbox 1809 1090 1973 1143; x_wconf 86' lang='lat' dir='ltr'><strong>vitam</strong></span> <span class='ocrx_word' id='word_1_250' title='bbox 2003 1090 2248 1142; x_wconf 77' lang='lat' dir='ltr'><strong>viventes</strong></span> <span class='ocrx_word' id='word_1_251' title='bbox 2280 1099 2519 1155; x_wconf 64' lang='lat' dir='ltr'><strong>paternae</strong></span> <span class='ocrx_word' id='word_1_252' title='bbox 2554 1083 2888 1139; x_wconf 84' lang='lat' dir='ltr'><strong>infidelitatis</strong></span> <span class='ocrx_word' id='word_1_253' title='bbox 2916 1096 3037 1137; x_wconf 89' lang='lat' dir='ltr'><strong>esse</strong></span> <span class='ocrx_word' id='word_1_254' title='bbox 3070 1078 3383 1148; x_wconf 84' lang='lat' dir='ltr'><strong>participes,</strong></span> 
     </span>
    </p>
   </div>
   <div class='ocr_carea' id='block_1_39' title="bbox 1810 1171 3384 1247">
    <p class='ocr_par' dir='ltr' id='par_1_39' title="bbox 1810 1171 3384 1247">
     <span class='ocr_line' id='line_1_39' title="bbox 1810 1171 3384 1247; baseline -0.009 -13"><span class='ocrx_word' id='word_1_255' title='bbox 1810 1189 1863 1234; x_wconf 91' lang='lat' dir='ltr'><strong>et</strong></span> <span class='ocrx_word' id='word_1_256' title='bbox 1910 1178 2129 1247; x_wconf 81' lang='lat' dir='ltr'><strong>impiam</strong></span> <span class='ocrx_word' id='word_1_257' title='bbox 2175 1178 2319 1231; x_wconf 86' lang='lat' dir='ltr'><strong>illam</strong></span> <span class='ocrx_word' id='word_1_258' title='bbox 2371 1192 2433 1231; x_wconf 91' lang='lat' dir='ltr'><strong>ac</strong></span> <span class='ocrx_word' id='word_1_259' title='bbox 2480 1177 2826 1231; x_wconf 85' lang='lat' dir='ltr'><strong>temerariam</strong></span> <span class='ocrx_word' id='word_1_260' title='bbox 2866 1184 3051 1228; x_wconf 87' lang='lat' dir='ltr'><strong>contra</strong></span> <span class='ocrx_word' id='word_1_261' title='bbox 3100 1171 3384 1226; x_wconf 88' lang='lat' dir='ltr'><strong>Dominum</strong></span> 
     </span>
    </p>
   </div>
   <div class='ocr_carea' id='block_1_40' title="bbox 1813 1262 3381 1338">
    <p class='ocr_par' dir='ltr' id='par_1_40' title="bbox 1813 1262 3381 1338">
     <span class='ocr_line' id='line_1_40' title="bbox 1813 1262 3381 1338; baseline -0.006 -17"><span class='ocrx_word' id='word_1_262' title='bbox 1813 1285 1997 1325; x_wconf 74' lang='lat' dir='ltr'><strong>vocem</strong></span> <span class='ocrx_word' id='word_1_263' title='bbox 2029 1271 2369 1338; x_wconf 84' lang='lat' dir='ltr'><strong>abrumpere,</strong></span> <span class='ocrx_word' id='word_1_264' title='bbox 2404 1286 2423 1319; x_wconf 82' lang='grc' dir='ltr'><strong>ι</strong></span> <span class='ocrx_word' id='word_1_265' title='bbox 2456 1268 2630 1332; x_wconf 86' lang='lat' dir='ltr'><strong>Tolle,</strong></span> <span class='ocrx_word' id='word_1_266' title='bbox 2660 1267 2807 1334; x_wconf 88' lang='lat' dir='ltr'><strong>tolle,</strong></span> <span class='ocrx_word' id='word_1_267' title='bbox 2835 1265 3091 1330; x_wconf 80' lang='lat' dir='ltr'><strong>crtteifige</strong></span> <span class='ocrx_word' id='word_1_268' title='bbox 3114 1278 3235 1316; x_wconf 85' lang='lat' dir='ltr'><strong>eum</strong></span> <span class='ocrx_word' id='word_1_269' title='bbox 3264 1262 3334 1324; x_wconf 52' lang='lat' dir='ltr'><strong>&#39;i;</strong></span> <span class='ocrx_word' id='word_1_270' title='bbox 3363 1280 3381 1312; x_wconf 72' lang='grc' dir='ltr'><strong>ι</strong></span> 
     </span>
    </p>
   </div>
   <div class='ocr_carea' id='block_1_41' title="bbox 1813 1347 3388 1428">
    <p class='ocr_par' dir='ltr' id='par_1_41' title="bbox 1813 1347 3388 1428">
     <span class='ocr_line' id='line_1_41' title="bbox 1813 1347 3388 1428; baseline -0.009 -16"><span class='ocrx_word' id='word_1_271' title='bbox 1813 1369 1867 1413; x_wconf 83' lang='lat' dir='ltr'><strong>et</strong></span> <span class='ocrx_word' id='word_1_272' title='bbox 1910 1359 2045 1411; x_wconf 90' lang='lat' dir='ltr'><strong>mala</strong></span> <span class='ocrx_word' id='word_1_273' title='bbox 2088 1373 2210 1428; x_wconf 75' lang='lat' dir='ltr'><strong>quae</strong></span> <span class='ocrx_word' id='word_1_274' title='bbox 2254 1358 2377 1411; x_wconf 86' lang='lat' dir='ltr'><strong>hinc</strong></span> <span class='ocrx_word' id='word_1_275' title='bbox 2426 1366 2650 1411; x_wconf 91' lang='lat' dir='ltr'><strong>ventura</strong></span> <span class='ocrx_word' id='word_1_276' title='bbox 2692 1363 2868 1418; x_wconf 89' lang='lat' dir='ltr'><strong>erant,</strong></span> <span class='ocrx_word' id='word_1_277' title='bbox 2914 1361 2969 1406; x_wconf 89' lang='lat' dir='ltr'><strong>ct</strong></span> <span class='ocrx_word' id='word_1_278' title='bbox 3019 1347 3388 1403; x_wconf 81' lang='lat' dir='ltr'><strong>intolerabiles</strong></span> 
     </span>
    </p>
   </div>
   <div class='ocr_carea' id='block_1_42' title="bbox 1813 1440 3389 1519">
    <p class='ocr_par' dir='ltr' id='par_1_42' title="bbox 1813 1440 3389 1519">
     <span class='ocr_line' id='line_1_42' title="bbox 1813 1440 3389 1519; baseline -0.01 -14"><span class='ocrx_word' id='word_1_279' title='bbox 1813 1451 2089 1505; x_wconf 74' lang='lat' dir='ltr'><strong>servitutis</strong></span> <span class='ocrx_word' id='word_1_280' title='bbox 2157 1450 2392 1519; x_wconf 74' lang='lat' dir='ltr'><strong>experiri</strong></span> <span class='ocrx_word' id='word_1_281' title='bbox 2456 1447 2827 1509; x_wconf 82' lang='lat' dir='ltr'><strong>calamitates,</strong></span> <span class='ocrx_word' id='word_1_282' title='bbox 2894 1443 3111 1512; x_wconf 83' lang='lat' dir='ltr'><strong>quando</strong></span> <span class='ocrx_word' id='word_1_283' title='bbox 3176 1440 3389 1493; x_wconf 80' lang='lat' dir='ltr'><strong>scilicet</strong></span> 
     </span>
    </p>
   </div>
   <div class='ocr_carea' id='block_1_43' title="bbox 1813 1530 3387 1609">
    <p class='ocr_par' dir='ltr' id='par_1_43' title="bbox 1813 1530 3387 1609">
     <span class='ocr_line' id='line_1_43' title="bbox 1813 1530 3387 1609; baseline -0.009 -12"><span class='ocrx_word' id='word_1_284' title='bbox 1813 1542 2099 1598; x_wconf 87' lang='lat' dir='ltr'><strong>obsidione</strong></span> <span class='ocrx_word' id='word_1_285' title='bbox 2141 1541 2334 1609; x_wconf 87' lang='lat' dir='ltr'><strong>pressi,</strong></span> <span class='ocrx_word' id='word_1_286' title='bbox 2382 1551 2436 1595; x_wconf 92' lang='lat' dir='ltr'><strong>et</strong></span> <span class='ocrx_word' id='word_1_287' title='bbox 2468 1540 2519 1593; x_wconf 91' lang='lat' dir='ltr'><strong>in</strong></span> <span class='ocrx_word' id='word_1_288' title='bbox 2558 1538 2720 1593; x_wconf 89' lang='lat' dir='ltr'><strong>famis</strong></span> <span class='ocrx_word' id='word_1_289' title='bbox 2758 1550 2989 1605; x_wconf 76' lang='lat' dir='ltr'><strong>angores</strong></span> <span class='ocrx_word' id='word_1_290' title='bbox 3020 1530 3225 1587; x_wconf 84' lang='lat' dir='ltr'><strong>redacti</strong></span> <span class='ocrx_word' id='word_1_291' title='bbox 3261 1544 3387 1583; x_wconf 90' lang='lat' dir='ltr'><strong>cum</strong></span> 
     </span>
    </p>
   </div>
   <div class='ocr_carea' id='block_1_44' title="bbox 1816 1618 3387 1699">
    <p class='ocr_par' dir='ltr' id='par_1_44' title="bbox 1816 1618 3387 1699">
     <span class='ocr_line' id='line_1_44' title="bbox 1816 1618 3387 1699; baseline -0.012 -12"><span class='ocrx_word' id='word_1_292' title='bbox 1816 1648 2007 1687; x_wconf 87' lang='lat' dir='ltr'><strong>carnes</strong></span> <span class='ocrx_word' id='word_1_293' title='bbox 2044 1632 2309 1684; x_wconf 82' lang='lat' dir='ltr'><strong>humanas</strong></span> <span class='ocrx_word' id='word_1_294' title='bbox 2335 1640 2620 1699; x_wconf 76' lang='lat' dir='ltr'><strong>gustarunt</strong></span> <span class='ocrx_word' id='word_1_295' title='bbox 2665 1625 2801 1697; x_wconf 88' lang='grc'><strong>(16),</strong></span> <span class='ocrx_word' id='word_1_296' title='bbox 2845 1634 2954 1677; x_wconf 90' lang='lat' dir='ltr'><strong>tum</strong></span> <span class='ocrx_word' id='word_1_297' title='bbox 2999 1622 3161 1690; x_wconf 91' lang='lat' dir='ltr'><strong>capti,</strong></span> <span class='ocrx_word' id='word_1_298' title='bbox 3192 1628 3248 1673; x_wconf 90' lang='lat' dir='ltr'><strong>et</strong></span> <span class='ocrx_word' id='word_1_299' title='bbox 3281 1618 3387 1671; x_wconf 85' lang='lat' dir='ltr'><strong>itu—</strong></span> 
     </span>
    </p>
   </div>
   <div class='ocr_carea' id='block_1_45' title="bbox 1817 1708 3389 1781">
    <p class='ocr_par' dir='ltr' id='par_1_45' title="bbox 1817 1708 3389 1781">
     <span class='ocr_line' id='line_1_45' title="bbox 1817 1708 3389 1781; baseline -0.011 -5"><span class='ocrx_word' id='word_1_300' title='bbox 1817 1720 2238 1778; x_wconf 87' lang='lat' dir='ltr'><strong>misericorditer</strong></span> <span class='ocrx_word' id='word_1_301' title='bbox 2280 1720 2484 1773; x_wconf 78' lang='lat' dir='ltr'><strong>concisi</strong></span> <span class='ocrx_word' id='word_1_302' title='bbox 2540 1716 2800 1772; x_wconf 82' lang='lat' dir='ltr'><strong>fuerunt?</strong></span> <span class='ocrx_word' id='word_1_303' title='bbox 2842 1716 2925 1767; x_wconf 87' lang='lat' dir='ltr'><strong>An</strong></span> <span class='ocrx_word' id='word_1_304' title='bbox 2972 1712 3135 1781; x_wconf 91' lang='lat' dir='ltr'><strong>igitur</strong></span> <span class='ocrx_word' id='word_1_305' title='bbox 3185 1708 3389 1763; x_wconf 84' lang='lat' dir='ltr'><strong>sanctis</strong></span> 
     </span>
    </p>
   </div>
   <div class='ocr_carea' id='block_1_46' title="bbox 1819 1795 3387 1879">
    <p class='ocr_par' dir='ltr' id='par_1_46' title="bbox 1819 1795 3387 1879">
     <span class='ocr_line' id='line_1_46' title="bbox 1819 1795 3387 1879; baseline -0.01 -15"><span class='ocrx_word' id='word_1_306' title='bbox 1819 1813 2117 1867; x_wconf 88' lang='lat' dir='ltr'><strong>infantibus</strong></span> <span class='ocrx_word' id='word_1_307' title='bbox 2164 1810 2361 1879; x_wconf 88' lang='lat' dir='ltr'><strong>injusta</strong></span> <span class='ocrx_word' id='word_1_308' title='bbox 2409 1824 2556 1864; x_wconf 85' lang='lat' dir='ltr'><strong>mors</strong></span> <span class='ocrx_word' id='word_1_309' title='bbox 2592 1810 2644 1862; x_wconf 93' lang='lat' dir='ltr'><strong>in</strong></span> <span class='ocrx_word' id='word_1_310' title='bbox 2678 1819 2873 1877; x_wconf 88' lang='lat' dir='ltr'><strong>magno</strong></span> <span class='ocrx_word' id='word_1_311' title='bbox 2901 1804 3054 1858; x_wconf 87' lang='lat' dir='ltr'><strong>lucro</strong></span> <span class='ocrx_word' id='word_1_312' title='bbox 3082 1795 3387 1868; x_wconf 83' lang='lat' dir='ltr'><strong>deputanda</strong></span> 
     </span>
    </p>
   </div>
   <div class='ocr_carea' id='block_1_47' title="bbox 1820 1904 2077 1961">
    <p class='ocr_par' dir='ltr' id='par_1_47' title="bbox 1820 1904 2077 1961">
     <span class='ocr_line' id='line_1_47' title="bbox 1820 1904 2077 1961; baseline 0 -2"><span class='ocrx_word' id='word_1_313' title='bbox 1820 1922 1924 1961; x_wconf 87' lang='lat' dir='ltr'><strong>uou</strong></span> <span class='ocrx_word' id='word_1_314' title='bbox 1956 1904 2077 1959; x_wconf 84' lang='lat' dir='ltr'><strong>est?</strong></span> 
     </span>
    </p>
   </div>
   <div class='ocr_carea' id='block_1_48' title="bbox 1892 1992 3390 2069">
    <p class='ocr_par' dir='ltr' id='par_1_48' title="bbox 1892 1992 3390 2069">
     <span class='ocr_line' id='line_1_48' title="bbox 1892 1992 3390 2069; baseline -0.018 0"><span class='ocrx_word' id='word_1_315' title='bbox 1892 2015 2111 2069; x_wconf 84' lang='lat' dir='ltr'><strong>Possem</strong></span> <span class='ocrx_word' id='word_1_316' title='bbox 2145 2013 2306 2067; x_wconf 90' lang='lat' dir='ltr'><strong>etiam</strong></span> <span class='ocrx_word' id='word_1_317' title='bbox 2339 2019 2391 2065; x_wconf 94' lang='lat' dir='ltr'><strong>et</strong></span> <span class='ocrx_word' id='word_1_318' title='bbox 2420 2008 2552 2062; x_wconf 85' lang='lat' dir='ltr'><strong>alias</strong></span> <span class='ocrx_word' id='word_1_319' title='bbox 2579 2004 2864 2060; x_wconf 82' lang='lat' dir='ltr'><strong>infantium</strong></span> <span class='ocrx_word' id='word_1_320' title='bbox 2887 2000 3049 2055; x_wconf 73' lang='lat' dir='ltr'><strong>caedis</strong></span> <span class='ocrx_word' id='word_1_321' title='bbox 3071 2009 3262 2052; x_wconf 87' lang='lat' dir='ltr'><strong>causas</strong></span> <span class='ocrx_word' id='word_1_322' title='bbox 3294 1992 3390 2043; x_wconf 85' lang='lat' dir='ltr'><strong>ad-</strong></span> 
     </span>
    </p>
   </div>
   <div class='ocr_carea' id='block_1_49' title="bbox 1816 2091 3392 2178">
    <p class='ocr_par' dir='ltr' id='par_1_49' title="bbox 1816 2091 3392 2178">
     <span class='ocr_line' id='line_1_49' title="bbox 1816 2091 3392 2178; baseline -0.014 -20"><span class='ocrx_word' id='word_1_323' title='bbox 1816 2110 2041 2178; x_wconf 87' lang='lat' dir='ltr'><strong>juugere</strong></span> <span class='ocrx_word' id='word_1_324' title='bbox 2069 2123 2083 2158; x_wconf 91' lang='lat'>:</span> <span class='ocrx_word' id='word_1_325' title='bbox 2112 2103 2209 2159; x_wconf 81' lang='lat' dir='ltr'><strong>sed</strong></span> <span class='ocrx_word' id='word_1_326' title='bbox 2244 2101 2507 2156; x_wconf 84' lang='lat' dir='ltr'><strong>tumultus</strong></span> <span class='ocrx_word' id='word_1_327' title='bbox 2531 2114 2595 2153; x_wconf 88' lang='lat' dir='ltr'><strong>eo</strong></span> <span class='ocrx_word' id='word_1_328' title='bbox 2624 2108 2864 2165; x_wconf 89' lang='lat' dir='ltr'><strong>tempore</strong></span> <span class='ocrx_word' id='word_1_329' title='bbox 2890 2099 3114 2147; x_wconf 76' lang='lat' dir='ltr'><strong>exortus</strong></span> <span class='ocrx_word' id='word_1_330' title='bbox 3136 2091 3392 2155; x_wconf 86' lang='lat' dir='ltr'><strong>personat</strong></span> 
     </span>
    </p>
   </div>
   <div class='ocr_carea' id='block_1_50' title="bbox 1820 2175 3389 2260">
    <p class='ocr_par' dir='ltr' id='par_1_50' title="bbox 1820 2175 3389 2260">
     <span class='ocr_line' id='line_1_50' title="bbox 1820 2175 3389 2260; baseline -0.019 -7"><span class='ocrx_word' id='word_1_331' title='bbox 1820 2175 1982 2253; x_wconf 76' lang='lat' dir='ltr'><strong>aures</strong></span> <span class='ocrx_word' id='word_1_332' title='bbox 2012 2210 2158 2252; x_wconf 88' lang='lat' dir='ltr'><strong>meas</strong></span> <span class='ocrx_word' id='word_1_333' title='bbox 2180 2233 2196 2260; x_wconf 91' lang='lat'><strong>,</strong></span> <span class='ocrx_word' id='word_1_334' title='bbox 2247 2201 2301 2247; x_wconf 91' lang='lat' dir='ltr'><strong>et</strong></span> <span class='ocrx_word' id='word_1_335' title='bbox 2336 2188 2767 2245; x_wconf 86' lang='lat' dir='ltr'><strong>crudelissimum</strong></span> <span class='ocrx_word' id='word_1_336' title='bbox 2805 2193 2994 2239; x_wconf 88' lang='lat' dir='ltr'><strong>contra</strong></span> <span class='ocrx_word' id='word_1_337' title='bbox 3023 2180 3256 2235; x_wconf 83' lang='lat' dir='ltr'><strong>infantes</strong></span> <span class='ocrx_word' id='word_1_338' title='bbox 3285 2175 3389 2225; x_wconf 83' lang='lat' dir='ltr'><strong>im-</strong></span> 
     </span>
    </p>
   </div>
   <div class='ocr_carea' id='block_1_51' title="bbox 1823 2267 3391 2361">
    <p class='ocr_par' dir='ltr' id='par_1_51' title="bbox 1823 2267 3391 2361">
     <span class='ocr_line' id='line_1_51' title="bbox 1823 2267 3391 2361; baseline -0.017 -17"><span class='ocrx_word' id='word_1_339' title='bbox 1823 2292 2028 2361; x_wconf 90' lang='lat' dir='ltr'><strong>perium</strong></span> <span class='ocrx_word' id='word_1_340' title='bbox 2066 2289 2288 2352; x_wconf 88' lang='lat' dir='ltr'><strong>datum;</strong></span> <span class='ocrx_word' id='word_1_341' title='bbox 2321 2293 2375 2338; x_wconf 86' lang='lat' dir='ltr'><strong>et</strong></span> <span class='ocrx_word' id='word_1_342' title='bbox 2408 2298 2509 2335; x_wconf 81' lang='lat' dir='ltr'><strong>vox</strong></span> <span class='ocrx_word' id='word_1_343' title='bbox 2548 2280 2636 2333; x_wconf 89' lang='lat' dir='ltr'><strong>illa</strong></span> <span class='ocrx_word' id='word_1_344' title='bbox 2678 2281 2731 2331; x_wconf 90' lang='lat' dir='ltr'><strong>in</strong></span> <span class='ocrx_word' id='word_1_345' title='bbox 2763 2277 2928 2329; x_wconf 82' lang='lat' dir='ltr'><strong>Rama</strong></span> <span class='ocrx_word' id='word_1_346' title='bbox 2963 2272 3167 2334; x_wconf 86' lang='lat' dir='ltr'><strong>audita,</strong></span> <span class='ocrx_word' id='word_1_347' title='bbox 3204 2279 3256 2322; x_wconf 90' lang='lat' dir='ltr'><strong>et</strong></span> <span class='ocrx_word' id='word_1_348' title='bbox 3279 2267 3391 2330; x_wconf 67' lang='lat' dir='ltr'><strong>Vitr,</strong></span> 
     </span>
    </p>
   </div>
   <div class='ocr_carea' id='block_1_52' title="bbox 1820 2358 3392 2438">
    <p class='ocr_par' dir='ltr' id='par_1_52' title="bbox 1820 2358 3392 2438">
     <span class='ocr_line' id='line_1_52' title="bbox 1820 2358 3392 2438; baseline -0.015 -1"><span class='ocrx_word' id='word_1_349' title='bbox 1820 2358 1876 2438; x_wconf 80' lang='lat' dir='ltr'><strong>et</strong></span> <span class='ocrx_word' id='word_1_350' title='bbox 1928 2378 2243 2436; x_wconf 89' lang='lat' dir='ltr'><strong>lamentatio</strong></span> <span class='ocrx_word' id='word_1_351' title='bbox 2301 2372 2611 2431; x_wconf 78' lang='lat' dir='ltr'><strong>Rachelis&quot;</strong></span> <span class='ocrx_word' id='word_1_352' title='bbox 2668 2370 2795 2425; x_wconf 90' lang='lat' dir='ltr'><strong>illuc</strong></span> <span class='ocrx_word' id='word_1_353' title='bbox 2854 2366 3155 2422; x_wconf 89' lang='lat' dir='ltr'><strong>orationem</strong></span> <span class='ocrx_word' id='word_1_354' title='bbox 3200 2358 3392 2415; x_wconf 85' lang='lat' dir='ltr'><strong>trahit.</strong></span> 
     </span>
    </p>
   </div>
   <div class='ocr_carea' id='block_1_53' title="bbox 1823 2460 3396 2542">
    <p class='ocr_par' dir='ltr' id='par_1_53' title="bbox 1823 2460 3396 2542">
     <span class='ocr_line' id='line_1_53' title="bbox 1823 2460 3396 2542; baseline -0.016 -15"><span class='ocrx_word' id='word_1_355' title='bbox 1823 2476 1923 2542; x_wconf 89' lang='lat' dir='ltr'><strong>Qui</strong></span> <span class='ocrx_word' id='word_1_356' title='bbox 1978 2485 2159 2526; x_wconf 88' lang='lat' dir='ltr'><strong>sermo</strong></span> <span class='ocrx_word' id='word_1_357' title='bbox 2209 2479 2372 2523; x_wconf 64' lang='lat' dir='ltr'><strong>tautae</strong></span> <span class='ocrx_word' id='word_1_358' title='bbox 2428 2463 2723 2522; x_wconf 86' lang='lat' dir='ltr'><strong>calamitati</strong></span> <span class='ocrx_word' id='word_1_359' title='bbox 2757 2460 3090 2531; x_wconf 76' lang='lat' dir='ltr'><strong>explicandae</strong></span> <span class='ocrx_word' id='word_1_360' title='bbox 3139 2468 3235 2525; x_wconf 90' lang='lat' dir='ltr'><strong>par</strong></span> <span class='ocrx_word' id='word_1_361' title='bbox 3272 2466 3396 2505; x_wconf 78' lang='lat' dir='ltr'><strong>esse</strong></span> 
     </span>
    </p>
   </div>
   <div class='ocr_carea' id='block_1_54' title="bbox 1824 2542 3394 2635">
    <p class='ocr_par' dir='ltr' id='par_1_54' title="bbox 1824 2542 3394 2635">
     <span class='ocr_line' id='line_1_54' title="bbox 1824 2542 3394 2635; baseline -0.017 -15"><span class='ocrx_word' id='word_1_362' title='bbox 1824 2566 2023 2635; x_wconf 81' lang='lat' dir='ltr'><strong>queat?</strong></span> <span class='ocrx_word' id='word_1_363' title='bbox 2053 2562 2175 2633; x_wconf 90' lang='lat' dir='ltr'><strong>quis</strong></span> <span class='ocrx_word' id='word_1_364' title='bbox 2231 2560 2373 2615; x_wconf 90' lang='lat' dir='ltr'><strong>illius</strong></span> <span class='ocrx_word' id='word_1_365' title='bbox 2404 2558 2576 2613; x_wconf 87' lang='lat' dir='ltr'><strong>cladis</strong></span> <span class='ocrx_word' id='word_1_366' title='bbox 2605 2552 3032 2626; x_wconf 86' lang='lat' dir='ltr'><strong>magnitudinem</strong></span> <span class='ocrx_word' id='word_1_367' title='bbox 3069 2562 3167 2617; x_wconf 88' lang='lat' dir='ltr'><strong>pro</strong></span> <span class='ocrx_word' id='word_1_368' title='bbox 3215 2542 3394 2609; x_wconf 78' lang='lat' dir='ltr'><strong>digni-</strong></span> 
     </span>
    </p>
   </div>
   <div class='ocr_carea' id='block_1_55' title="bbox 1827 2642 3395 2724">
    <p class='ocr_par' dir='ltr' id='par_1_55' title="bbox 1827 2642 3395 2724">
     <span class='ocr_line' id='line_1_55' title="bbox 1827 2642 3395 2724; baseline -0.017 -11"><span class='ocrx_word' id='word_1_369' title='bbox 1827 2668 1933 2712; x_wconf 87' lang='lat' dir='ltr'><strong>tate</strong></span> <span class='ocrx_word' id='word_1_370' title='bbox 1969 2655 2172 2724; x_wconf 88' lang='lat' dir='ltr'><strong>tragico</strong></span> <span class='ocrx_word' id='word_1_371' title='bbox 2197 2652 2299 2705; x_wconf 90' lang='lat' dir='ltr'><strong>ritu</strong></span> <span class='ocrx_word' id='word_1_372' title='bbox 2334 2646 2606 2716; x_wconf 84' lang='lat' dir='ltr'><strong>deploret?</strong></span> <span class='ocrx_word' id='word_1_373' title='bbox 2664 2661 2698 2701; x_wconf 92' lang='lat' dir='ltr'><strong>o</strong></span> <span class='ocrx_word' id='word_1_374' title='bbox 2728 2642 3088 2713; x_wconf 77' lang='lat' dir='ltr'><strong>spectaculum</strong></span> <span class='ocrx_word' id='word_1_375' title='bbox 3124 2649 3395 2692; x_wconf 77' lang='lat' dir='ltr'><strong>execran-</strong></span> 
     </span>
    </p>
   </div>
   <div class='ocr_carea' id='block_1_56' title="bbox 1823 2723 3389 2813">
    <p class='ocr_par' dir='ltr' id='par_1_56' title="bbox 1823 2723 3389 2813">
     <span class='ocr_line' id='line_1_56' title="bbox 1823 2723 3389 2813; baseline -0.017 -10"><span class='ocrx_word' id='word_1_376' title='bbox 1823 2750 1979 2804; x_wconf 87' lang='lat' dir='ltr'><strong>dum!</strong></span> <span class='ocrx_word' id='word_1_377' title='bbox 2015 2764 2047 2801; x_wconf 89' lang='grc' dir='ltr'><strong>ο</strong></span> <span class='ocrx_word' id='word_1_378' title='bbox 2068 2723 2199 2801; x_wconf 87' lang='lat' dir='ltr'><strong>atra</strong></span> <span class='ocrx_word' id='word_1_379' title='bbox 2246 2744 2440 2813; x_wconf 91' lang='lat' dir='ltr'><strong>caligo,</strong></span> <span class='ocrx_word' id='word_1_380' title='bbox 2472 2756 2592 2811; x_wconf 65' lang='lat' dir='ltr'><strong>quae</strong></span> <span class='ocrx_word' id='word_1_381' title='bbox 2621 2749 2748 2793; x_wconf 91' lang='lat' dir='ltr'><strong>tunc</strong></span> <span class='ocrx_word' id='word_1_382' title='bbox 2778 2735 3046 2790; x_wconf 87' lang='lat' dir='ltr'><strong>Bethleem</strong></span> <span class='ocrx_word' id='word_1_383' title='bbox 3070 2723 3389 2796; x_wconf 76' lang='lat' dir='ltr'><strong>occupavit!</strong></span> 
     </span>
    </p>
   </div>
   <div class='ocr_carea' id='block_1_57' title="bbox 1822 2816 3392 2897">
    <p class='ocr_par' dir='ltr' id='par_1_57' title="bbox 1822 2816 3392 2897">
     <span class='ocr_line' id='line_1_57' title="bbox 1822 2816 3392 2897; baseline -0.018 0"><span class='ocrx_word' id='word_1_384' title='bbox 1822 2859 1857 2897; x_wconf 89' lang='grc' dir='ltr'><strong>ο</strong></span> <span class='ocrx_word' id='word_1_385' title='bbox 1887 2832 2185 2895; x_wconf 82' lang='lat' dir='ltr'><strong>mulierum</strong></span> <span class='ocrx_word' id='word_1_386' title='bbox 2212 2836 2449 2890; x_wconf 87' lang='lat' dir='ltr'><strong>ululatus</strong></span> <span class='ocrx_word' id='word_1_387' title='bbox 2472 2874 2486 2897; x_wconf 88' lang='lat'><strong>,</strong></span> <span class='ocrx_word' id='word_1_388' title='bbox 2520 2848 2552 2885; x_wconf 93' lang='lat' dir='ltr'><strong>o</strong></span> <span class='ocrx_word' id='word_1_389' title='bbox 2576 2831 2734 2885; x_wconf 80' lang='lat' dir='ltr'><strong>ﬂetus</strong></span> <span class='ocrx_word' id='word_1_390' title='bbox 2766 2840 3078 2897; x_wconf 73' lang='lat' dir='ltr'><strong>puerorum,</strong></span> <span class='ocrx_word' id='word_1_391' title='bbox 3117 2820 3206 2891; x_wconf 90' lang='lat' dir='ltr'><strong>qui</strong></span> <span class='ocrx_word' id='word_1_392' title='bbox 3245 2816 3392 2872; x_wconf 89' lang='lat' dir='ltr'><strong>abri-</strong></span> 
     </span>
    </p>
   </div>
   <div class='ocr_carea' id='block_1_58' title="bbox 1825 2907 3394 3003">
    <p class='ocr_par' dir='ltr' id='par_1_58' title="bbox 1825 2907 3394 3003">
     <span class='ocr_line' id='line_1_58' title="bbox 1825 2907 3394 3003; baseline -0.015 -19"><span class='ocrx_word' id='word_1_393' title='bbox 1825 2935 2108 3003; x_wconf 73' lang='lat' dir='ltr'><strong>piebantur</strong></span> <span class='ocrx_word' id='word_1_394' title='bbox 2132 2929 2197 2983; x_wconf 89' lang='lat' dir='ltr'><strong>ad</strong></span> <span class='ocrx_word' id='word_1_395' title='bbox 2231 2926 2489 2980; x_wconf 90' lang='lat' dir='ltr'><strong>morteml</strong></span> <span class='ocrx_word' id='word_1_396' title='bbox 2528 2921 2816 2976; x_wconf 86' lang='lat' dir='ltr'><strong>Plorabaut</strong></span> <span class='ocrx_word' id='word_1_397' title='bbox 2840 2918 3130 2987; x_wconf 82' lang='lat' dir='ltr'><strong>genitores,</strong></span> <span class='ocrx_word' id='word_1_398' title='bbox 3158 2911 3224 2964; x_wconf 85' lang='lat' dir='ltr'><strong>ad</strong></span> <span class='ocrx_word' id='word_1_399' title='bbox 3252 2907 3394 2962; x_wconf 73' lang='lat' dir='ltr'><strong>mili-</strong></span> 
     </span>
    </p>
   </div>
   <div class='ocr_carea' id='block_1_59' title="bbox 1828 3008 3394 3093">
    <p class='ocr_par' dir='ltr' id='par_1_59' title="bbox 1828 3008 3394 3093">
     <span class='ocr_line' id='line_1_59' title="bbox 1828 3008 3394 3093; baseline -0.018 -14"><span class='ocrx_word' id='word_1_400' title='bbox 1828 3037 1935 3081; x_wconf 88' lang='lat' dir='ltr'><strong>tum</strong></span> <span class='ocrx_word' id='word_1_401' title='bbox 1966 3028 2127 3093; x_wconf 87' lang='lat' dir='ltr'><strong>pedes</strong></span> <span class='ocrx_word' id='word_1_402' title='bbox 2154 3020 2471 3075; x_wconf 86' lang='lat' dir='ltr'><strong>accidebant</strong></span> <span class='ocrx_word' id='word_1_403' title='bbox 2496 3059 2512 3083; x_wconf 83' lang='lat'><strong>,</strong></span> <span class='ocrx_word' id='word_1_404' title='bbox 2537 3014 2702 3085; x_wconf 74' lang='lat'><strong>356</strong></span> <span class='ocrx_word' id='word_1_405' title='bbox 2725 3008 3117 3079; x_wconf 88' lang='lat' dir='ltr'><strong>supplicabant;</strong></span> <span class='ocrx_word' id='word_1_406' title='bbox 3146 3011 3200 3057; x_wconf 90' lang='lat' dir='ltr'><strong>et</strong></span> <span class='ocrx_word' id='word_1_407' title='bbox 3220 3010 3394 3055; x_wconf 83' lang='lat' dir='ltr'><strong>mater</strong></span> 
     </span>
    </p>
   </div>
   <div class='ocr_carea' id='block_1_60' title="bbox 1826 3103 3393 3189">
    <p class='ocr_par' dir='ltr' id='par_1_60' title="bbox 1826 3103 3393 3189">
     <span class='ocr_line' id='line_1_60' title="bbox 1826 3103 3393 3189; baseline -0.017 -18"><span class='ocrx_word' id='word_1_408' title='bbox 1826 3120 2040 3188; x_wconf 87' lang='lat' dir='ltr'><strong>quidem</strong></span> <span class='ocrx_word' id='word_1_409' title='bbox 2080 3115 2330 3189; x_wconf 78' lang='lat' dir='ltr'><strong>amplexu</strong></span> <span class='ocrx_word' id='word_1_410' title='bbox 2364 3124 2588 3180; x_wconf 86' lang='lat' dir='ltr'><strong>puerum</strong></span> <span class='ocrx_word' id='word_1_411' title='bbox 2653 3103 2997 3165; x_wconf 87' lang='lat' dir='ltr'><strong>occultabat,</strong></span> <span class='ocrx_word' id='word_1_412' title='bbox 3049 3106 3203 3166; x_wconf 88' lang='lat' dir='ltr'><strong>pater</strong></span> <span class='ocrx_word' id='word_1_413' title='bbox 3261 3105 3393 3146; x_wconf 78' lang='lat' dir='ltr'><strong>vero</strong></span> 
     </span>
    </p>
   </div>
   <div class='ocr_carea' id='block_1_61' title="bbox 158 3188 1723 3281">
    <p class='ocr_par' dir='ltr' id='par_1_61' title="bbox 158 3197 1720 3275">
     <span class='ocr_line' id='line_1_61' title="bbox 158 3197 1720 3275; baseline 0.01 -28"><span class='ocrx_word' id='word_1_414' title='bbox 158 3197 329 3265; x_wconf 83' lang='grc' dir='ltr'>Ὠρμα</span> <span class='ocrx_word' id='word_1_415' title='bbox 358 3200 498 3267; x_wconf 81' lang='grc' dir='ltr'>γυνὴ</span> <span class='ocrx_word' id='word_1_416' title='bbox 537 3200 671 3268; x_wconf 76' lang='grc' dir='ltr'>πρὸς</span> <span class='ocrx_word' id='word_1_417' title='bbox 706 3201 886 3271; x_wconf 83' lang='grc' dir='ltr'>φυγὴν</span> <span class='ocrx_word' id='word_1_418' title='bbox 918 3202 1117 3273; x_wconf 81' lang='grc' dir='ltr'>φόρτον</span> <span class='ocrx_word' id='word_1_419' title='bbox 1148 3207 1262 3267; x_wconf 83' lang='grc' dir='ltr'>τοῖς</span> <span class='ocrx_word' id='word_1_420' title='bbox 1292 3204 1463 3275; x_wconf 84' lang='grc' dir='ltr'>ῶμοις</span> <span class='ocrx_word' id='word_1_421' title='bbox 1498 3208 1557 3260; x_wconf 76' lang='grc' dir='ltr'>τὸ</span> <span class='ocrx_word' id='word_1_422' title='bbox 1591 3226 1720 3263; x_wconf 86' lang='grc' dir='ltr'>παι-</span> 
     </span>
    </p>
   </div>
   <div class='ocr_carea' id='block_1_62' title="bbox 1821 3188 3385 3281">
    <p class='ocr_par' dir='ltr' id='par_1_62' title="bbox 1825 3188 3385 3280">
     <span class='ocr_line' id='line_1_62' title="bbox 1825 3188 3385 3280; baseline -0.019 -14"><span class='ocrx_word' id='word_1_423' title='bbox 1825 3210 2028 3280; x_wconf 83' lang='lat' dir='ltr'><strong>prolem</strong></span> <span class='ocrx_word' id='word_1_424' title='bbox 2062 3188 2365 3277; x_wconf 80' lang='lat' dir='ltr'><strong>appellabat</strong></span> <span class='ocrx_word' id='word_1_425' title='bbox 2418 3216 2593 3257; x_wconf 89' lang='lat' dir='ltr'><strong>suam.</strong></span> <span class='ocrx_word' id='word_1_426' title='bbox 2649 3197 2705 3252; x_wconf 84' lang='lat' dir='ltr'><strong>in</strong></span> <span class='ocrx_word' id='word_1_427' title='bbox 2750 3197 2928 3265; x_wconf 82' lang='lat' dir='ltr'><strong>fugam</strong></span> <span class='ocrx_word' id='word_1_428' title='bbox 2961 3188 3291 3261; x_wconf 82' lang='lat' dir='ltr'><strong>proripiebat</strong></span> <span class='ocrx_word' id='word_1_429' title='bbox 3324 3198 3385 3237; x_wconf 86' lang='lat' dir='ltr'><strong>se</strong></span> 
     </span>
    </p>
   </div>
   <div class='ocr_carea' id='block_1_63' title="bbox 157 3286 1715 3367">
    <p class='ocr_par' dir='ltr' id='par_1_63' title="bbox 157 3286 1715 3367">
     <span class='ocr_line' id='line_1_63' title="bbox 157 3286 1715 3367; baseline 0.011 -30"><span class='ocrx_word' id='word_1_430' title='bbox 157 3286 254 3338; x_wconf 76' lang='grc' dir='ltr'>δίον</span> <span class='ocrx_word' id='word_1_431' title='bbox 282 3289 586 3357; x_wconf 79' lang='grc' dir='ltr'>ἐπάγουσα,</span> <span class='ocrx_word' id='word_1_432' title='bbox 616 3290 733 3342; x_wconf 76' lang='grc' dir='ltr'>ἀλλ’</span> <span class='ocrx_word' id='word_1_433' title='bbox 754 3288 822 3361; x_wconf 79' lang='grc' dir='ltr'>ἧν</span> <span class='ocrx_word' id='word_1_434' title='bbox 852 3292 959 3347; x_wconf 84' lang='grc' dir='ltr'><strong>τῶν</strong></span> <span class='ocrx_word' id='word_1_435' title='bbox 991 3295 1279 3364; x_wconf 76' lang='grc' dir='ltr'>ὑπηρετῶν</span> <span class='ocrx_word' id='word_1_436' title='bbox 1309 3299 1336 3348; x_wconf 87' lang='grc' dir='ltr'><em>ὁ</em></span> <span class='ocrx_word' id='word_1_437' title='bbox 1364 3297 1565 3367; x_wconf 81' lang='grc' dir='ltr'>δρόμος</span> <span class='ocrx_word' id='word_1_438' title='bbox 1592 3302 1715 3364; x_wconf 76' lang='grc' dir='ltr'>ὀξύ-ι</span> 
     </span>
    </p>
   </div>
   <div class='ocr_carea' id='block_1_64' title="bbox 154 3381 1721 3461">
    <p class='ocr_par' dir='ltr' id='par_1_64' title="bbox 154 3381 1721 3461">
     <span class='ocr_line' id='line_1_64' title="bbox 154 3381 1721 3461; baseline 0.01 -33"><span class='ocrx_word' id='word_1_439' title='bbox 154 3395 317 3448; x_wconf 82' lang='grc' dir='ltr'>τερος.</span> <span class='ocrx_word' id='word_1_440' title='bbox 354 3381 634 3450; x_wconf 75' lang='grc' dir='ltr'>Ἀλλήλοις</span> <span class='ocrx_word' id='word_1_441' title='bbox 677 3382 733 3434; x_wconf 85' lang='grc' dir='ltr'>δὲ</span> <span class='ocrx_word' id='word_1_442' title='bbox 776 3385 1186 3453; x_wconf 82' lang='grc' dir='ltr'>συνεκρούοντο,</span> <span class='ocrx_word' id='word_1_443' title='bbox 1228 3389 1322 3439; x_wconf 76' lang='grc' dir='ltr'><strong>καὶ</strong></span> <span class='ocrx_word' id='word_1_444' title='bbox 1359 3392 1535 3454; x_wconf 67' lang='grc' dir='ltr'>φωναὶ</span> <span class='ocrx_word' id='word_1_445' title='bbox 1579 3408 1721 3461; x_wconf 78' lang='grc' dir='ltr'>συμ-</span> 
     </span>
    </p>
   </div>
   <div class='ocr_carea' id='block_1_65' title="bbox 159 3473 1721 3549">
    <p class='ocr_par' dir='ltr' id='par_1_65' title="bbox 159 3473 1721 3549">
     <span class='ocr_line' id='line_1_65' title="bbox 159 3473 1721 3549; baseline 0.009 -27"><span class='ocrx_word' id='word_1_446' title='bbox 159 3474 322 3538; x_wconf 85' lang='grc' dir='ltr'>μιγεῖς</span> <span class='ocrx_word' id='word_1_447' title='bbox 357 3473 738 3542; x_wconf 82' lang='grc' dir='ltr'>ἅνηγείροντο.</span> <span class='ocrx_word' id='word_1_448' title='bbox 778 3476 1065 3528; x_wconf 79' lang='grc' dir='ltr'>Ἦπείλουν</span> <span class='ocrx_word' id='word_1_449' title='bbox 1095 3480 1143 3530; x_wconf 90' lang='grc' dir='ltr'><strong>οί</strong></span> <span class='ocrx_word' id='word_1_450' title='bbox 1182 3482 1510 3549; x_wconf 87' lang='grc' dir='ltr'>στρατιῶται</span> <span class='ocrx_word' id='word_1_451' title='bbox 1548 3482 1721 3536; x_wconf 82' lang='grc' dir='ltr'>δεινόν</span> 
     </span>
    </p>
   </div>
   <div class='ocr_carea' id='block_1_66' title="bbox 156 3564 1723 3643">
    <p class='ocr_par' dir='ltr' id='par_1_66' title="bbox 156 3564 1723 3643">
     <span class='ocr_line' id='line_1_66' title="bbox 156 3564 1723 3643; baseline 0.008 -29"><span class='ocrx_word' id='word_1_452' title='bbox 156 3579 203 3613; x_wconf 85' lang='grc' dir='ltr'><strong>τι</strong></span> <span class='ocrx_word' id='word_1_453' title='bbox 232 3564 319 3615; x_wconf 78' lang='grc' dir='ltr'><strong>καὶ</strong></span> <span class='ocrx_word' id='word_1_454' title='bbox 348 3565 720 3631; x_wconf 85' lang='grc' dir='ltr'>δρακοντῶδες</span> <span class='ocrx_word' id='word_1_455' title='bbox 751 3567 1117 3636; x_wconf 76' lang='grc' dir='ltr'>ἡγριωμένοις</span> <span class='ocrx_word' id='word_1_456' title='bbox 1146 3570 1455 3641; x_wconf 67' lang='grc' dir='ltr'>δεδορκότες</span> <span class='ocrx_word' id='word_1_457' title='bbox 1483 3577 1593 3637; x_wconf 89' lang='grc' dir='ltr'>τοῖς</span> <span class='ocrx_word' id='word_1_458' title='bbox 1623 3574 1723 3643; x_wconf 79' lang='grc' dir='ltr'>δμ-</span> 
     </span>
    </p>
   </div>
   <div class='ocr_carea' id='block_1_67' title="bbox 160 3656 1723 3751">
    <p class='ocr_par' dir='ltr' id='par_1_67' title="bbox 160 3656 1723 3751">
     <span class='ocr_line' id='line_1_67' title="bbox 160 3656 1723 3751; baseline 0.009 -45"><span class='ocrx_word' id='word_1_459' title='bbox 160 3672 332 3751; x_wconf 47' lang='grc' dir='ltr'>μαισιν.</span> <span class='ocrx_word' id='word_1_460' title='bbox 370 3656 657 3720; x_wconf 77' lang='grc' dir='ltr'>Ὦλόλυζον</span> <span class='ocrx_word' id='word_1_461' title='bbox 700 3661 933 3728; x_wconf 75' lang='grc' dir='ltr'>μητέρες</span> <span class='ocrx_word' id='word_1_462' title='bbox 972 3662 1169 3729; x_wconf 80' lang='grc' dir='ltr'>αἵμασι</span> <span class='ocrx_word' id='word_1_463' title='bbox 1210 3666 1584 3737; x_wconf 76' lang='grc' dir='ltr'>πεφυρμέναι,</span> <span class='ocrx_word' id='word_1_464' title='bbox 1632 3669 1723 3720; x_wconf 79' lang='grc' dir='ltr'>καὶ</span> 
     </span>
    </p>
   </div>
   <div class='ocr_carea' id='block_1_68' title="bbox 157 3749 1723 3824">
    <p class='ocr_par' dir='ltr' id='par_1_68' title="bbox 157 3749 1723 3824">
     <span class='ocr_line' id='line_1_68' title="bbox 157 3749 1723 3824; baseline 0.008 -25"><span class='ocrx_word' id='word_1_465' title='bbox 157 3749 443 3818; x_wconf 71' lang='grc' dir='ltr'>δάκρυσιν·</span> <span class='ocrx_word' id='word_1_466' title='bbox 498 3750 844 3821; x_wconf 78' lang='grc' dir='ltr'>ὠλοφύροντο</span> <span class='ocrx_word' id='word_1_467' title='bbox 894 3752 1063 3818; x_wconf 86' lang='grc' dir='ltr'>νήπια</span> <span class='ocrx_word' id='word_1_468' title='bbox 1115 3753 1363 3817; x_wconf 77' lang='grc' dir='ltr'>ἐλεεινῶς</span> <span class='ocrx_word' id='word_1_469' title='bbox 1418 3759 1723 3824; x_wconf 89' lang='grc' dir='ltr'>συγκοπτό-</span> 
     </span>
    </p>
   </div>
   <div class='ocr_carea' id='block_1_69' title="bbox 162 3842 1724 3918">
    <p class='ocr_par' dir='ltr' id='par_1_69' title="bbox 162 3842 1724 3918">
     <span class='ocr_line' id='line_1_69' title="bbox 162 3842 1724 3918; baseline 0.005 -25"><span class='ocrx_word' id='word_1_470' title='bbox 162 3858 305 3910; x_wconf 87' lang='grc' dir='ltr'>μενα.</span> <span class='ocrx_word' id='word_1_471' title='bbox 337 3842 419 3895; x_wconf 76' lang='grc' dir='ltr'><strong>Τὰ</strong></span> <span class='ocrx_word' id='word_1_472' title='bbox 465 3845 573 3914; x_wconf 75' lang='grc' dir='ltr'>γὰρ</span> <span class='ocrx_word' id='word_1_473' title='bbox 616 3845 762 3914; x_wconf 81' lang='grc' dir='ltr'>ξίφη,</span> <span class='ocrx_word' id='word_1_474' title='bbox 797 3845 873 3906; x_wconf 85' lang='grc' dir='ltr'>ὠς</span> <span class='ocrx_word' id='word_1_475' title='bbox 912 3844 1121 3916; x_wconf 79' lang='grc' dir='ltr'>ἔτυχεν,</span> <span class='ocrx_word' id='word_1_476' title='bbox 1156 3848 1246 3897; x_wconf 83' lang='grc' dir='ltr'>ἐπ’</span> <span class='ocrx_word' id='word_1_477' title='bbox 1268 3847 1405 3900; x_wconf 78' lang='grc' dir='ltr'>αὐτὰ</span> <span class='ocrx_word' id='word_1_478' title='bbox 1448 3848 1724 3918; x_wconf 82' lang='grc' dir='ltr'>φερόμενα</span> 
     </span>
    </p>
   </div>
   <div class='ocr_carea' id='block_1_70' title="bbox 160 3930 1726 4007">
    <p class='ocr_par' dir='ltr' id='par_1_70' title="bbox 160 3930 1726 4007">
     <span class='ocr_line' id='line_1_70' title="bbox 160 3930 1726 4007; baseline 0.007 -26"><span class='ocrx_word' id='word_1_479' title='bbox 160 3930 341 3994; x_wconf 80' lang='grc' dir='ltr'>ἀθλίως</span> <span class='ocrx_word' id='word_1_480' title='bbox 388 3934 799 4003; x_wconf 72' lang='grc' dir='ltr'>ἡκρωτηρίαζε.</span> <span class='ocrx_word' id='word_1_481' title='bbox 846 3936 955 3987; x_wconf 80' lang='grc' dir='ltr'>Καὶ</span> <span class='ocrx_word' id='word_1_482' title='bbox 999 3936 1061 3987; x_wconf 84' lang='grc' dir='ltr'>τὸ</span> <span class='ocrx_word' id='word_1_483' title='bbox 1109 3936 1209 4005; x_wconf 81' lang='grc' dir='ltr'>μὲν</span> <span class='ocrx_word' id='word_1_484' title='bbox 1252 3938 1451 4007; x_wconf 85' lang='grc' dir='ltr'>χειρῶν</span> <span class='ocrx_word' id='word_1_485' title='bbox 1495 3940 1726 3992; x_wconf 73' lang='grc' dir='ltr'>ἀπεστέ-</span> 
     </span>
    </p>
   </div>
   <div class='ocr_carea' id='block_1_71' title="bbox 163 4024 1723 4097">
    <p class='ocr_par' dir='ltr' id='par_1_71' title="bbox 163 4024 1723 4097">
     <span class='ocr_line' id='line_1_71' title="bbox 163 4024 1723 4097; baseline 0.006 -24"><span class='ocrx_word' id='word_1_486' title='bbox 163 4040 299 4092; x_wconf 85' lang='grc' dir='ltr'>ρητο,</span> <span class='ocrx_word' id='word_1_487' title='bbox 330 4024 391 4075; x_wconf 76' lang='grc' dir='ltr'>τὸ</span> <span class='ocrx_word' id='word_1_488' title='bbox 419 4024 479 4076; x_wconf 78' lang='grc' dir='ltr'>δὲ</span> <span class='ocrx_word' id='word_1_489' title='bbox 503 4024 583 4075; x_wconf 89' lang='grc' dir='ltr'>τὼ</span> <span class='ocrx_word' id='word_1_490' title='bbox 616 4026 740 4077; x_wconf 83' lang='grc' dir='ltr'>πόδε</span> <span class='ocrx_word' id='word_1_491' title='bbox 772 4027 1055 4096; x_wconf 79' lang='grc' dir='ltr'>συντριϐὲν</span> <span class='ocrx_word' id='word_1_492' title='bbox 1080 4027 1139 4091; x_wconf 76' lang='grc' dir='ltr'>ἐξ</span> <span class='ocrx_word' id='word_1_493' title='bbox 1170 4029 1425 4097; x_wconf 78' lang='grc' dir='ltr'>ἡμισείας</span> <span class='ocrx_word' id='word_1_494' title='bbox 1453 4028 1723 4084; x_wconf 85' lang='grc' dir='ltr'>ἀπώλετο.</span> 
     </span>
    </p>
   </div>
   <div class='ocr_carea' id='block_1_72' title="bbox 167 4115 1727 4190">
    <p class='ocr_par' dir='ltr' id='par_1_72' title="bbox 167 4115 1727 4190">
     <span class='ocr_line' id='line_1_72' title="bbox 167 4115 1727 4190; baseline 0.005 -23"><span class='ocrx_word' id='word_1_495' title='bbox 167 4115 314 4172; x_wconf 83' lang='grc' dir='ltr'><strong>Ἀλλο</strong></span> <span class='ocrx_word' id='word_1_496' title='bbox 352 4135 411 4169; x_wconf 86' lang='grc' dir='ltr'><strong>τε</strong></span> <span class='ocrx_word' id='word_1_497' title='bbox 462 4119 706 4187; x_wconf 78' lang='grc' dir='ltr'>κατεάγη</span> <span class='ocrx_word' id='word_1_498' title='bbox 753 4118 853 4188; x_wconf 83' lang='grc' dir='ltr'>τὴν</span> <span class='ocrx_word' id='word_1_499' title='bbox 898 4119 1179 4189; x_wconf 79' lang='grc' dir='ltr'>κεφαλὴν,</span> <span class='ocrx_word' id='word_1_500' title='bbox 1223 4120 1319 4174; x_wconf 88' lang='grc' dir='ltr'><strong>τοῦ</strong></span> <span class='ocrx_word' id='word_1_501' title='bbox 1366 4122 1615 4190; x_wconf 82' lang='grc' dir='ltr'>σώματος</span> <span class='ocrx_word' id='word_1_502' title='bbox 1656 4121 1727 4175; x_wconf 68' lang='grc' dir='ltr'>τὰ</span> 
     </span>
    </p>
   </div>
   <div class='ocr_carea' id='block_1_73' title="bbox 166 4210 1727 4282">
    <p class='ocr_par' dir='ltr' id='par_1_73' title="bbox 166 4210 1727 4282">
     <span class='ocr_line' id='line_1_73' title="bbox 166 4210 1727 4282; baseline 0.004 -21"><span class='ocrx_word' id='word_1_503' title='bbox 166 4211 379 4280; x_wconf 78' lang='grc' dir='ltr'>νέρθερα</span> <span class='ocrx_word' id='word_1_504' title='bbox 426 4210 867 4281; x_wconf 82' lang='grc' dir='ltr'>περισπώμενον,</span> <span class='ocrx_word' id='word_1_505' title='bbox 904 4213 967 4263; x_wconf 87' lang='grc' dir='ltr'>τὸ</span> <span class='ocrx_word' id='word_1_506' title='bbox 1006 4212 1061 4264; x_wconf 84' lang='grc' dir='ltr'>δὲ</span> <span class='ocrx_word' id='word_1_507' title='bbox 1104 4212 1223 4265; x_wconf 85' lang='grc' dir='ltr'>ὅλον</span> <span class='ocrx_word' id='word_1_508' title='bbox 1266 4214 1541 4282; x_wconf 82' lang='grc' dir='ltr'>ἐτέμνετο,</span> <span class='ocrx_word' id='word_1_509' title='bbox 1586 4216 1661 4276; x_wconf 82' lang='grc' dir='ltr'>ὡς</span> <span class='ocrx_word' id='word_1_510' title='bbox 1698 4217 1727 4268; x_wconf 90' lang='lat'><strong>6</strong></span> 
     </span>
    </p>
   </div>
   <div class='ocr_carea' id='block_1_74' title="bbox 166 4302 1729 4374">
    <p class='ocr_par' dir='ltr' id='par_1_74' title="bbox 166 4302 1729 4374">
     <span class='ocr_line' id='line_1_74' title="bbox 166 4302 1729 4374; baseline 0.006 -21"><span class='ocrx_word' id='word_1_511' title='bbox 166 4302 321 4373; x_wconf 82' lang='grc' dir='ltr'>θυμὸς</span> <span class='ocrx_word' id='word_1_512' title='bbox 357 4306 535 4359; x_wconf 77' lang='grc' dir='ltr'>ἐδίδου</span> <span class='ocrx_word' id='word_1_513' title='bbox 576 4305 955 4374; x_wconf 74' lang='grc' dir='ltr'>αύτοματίζων</span> <span class='ocrx_word' id='word_1_514' title='bbox 988 4305 1221 4359; x_wconf 83' lang='grc' dir='ltr'>ἑκάστου</span> <span class='ocrx_word' id='word_1_515' title='bbox 1255 4308 1346 4359; x_wconf 84' lang='grc' dir='ltr'><strong>τὸν</strong></span> <span class='ocrx_word' id='word_1_516' title='bbox 1381 4308 1628 4362; x_wconf 83' lang='grc' dir='ltr'>θάνατον.</span> <span class='ocrx_word' id='word_1_517' title='bbox 1662 4310 1729 4362; x_wconf 83' lang='grc' dir='ltr'>Ὢ</span> 
     </span>
    </p>
   </div>
   <div class='ocr_carea' id='block_1_75' title="bbox 168 4397 1730 4472">
    <p class='ocr_par' dir='ltr' id='par_1_75' title="bbox 168 4397 1730 4472">
     <span class='ocr_line' id='line_1_75' title="bbox 168 4397 1730 4472; baseline 0.005 -25"><span class='ocrx_word' id='word_1_518' title='bbox 168 4397 307 4449; x_wconf 86' lang='grc' dir='ltr'>πόσοι</span> <span class='ocrx_word' id='word_1_519' title='bbox 328 4398 547 4462; x_wconf 83' lang='grc' dir='ltr'>παῖδες,</span> <span class='ocrx_word' id='word_1_520' title='bbox 587 4399 750 4466; x_wconf 83' lang='grc' dir='ltr'>μέσον</span> <span class='ocrx_word' id='word_1_521' title='bbox 796 4398 1117 4467; x_wconf 85' lang='grc' dir='ltr'>τμηθέντες,</span> <span class='ocrx_word' id='word_1_522' title='bbox 1161 4399 1448 4471; x_wconf 84' lang='grc' dir='ltr'>ήμίθνητοι</span> <span class='ocrx_word' id='word_1_523' title='bbox 1490 4404 1730 4472; x_wconf 83' lang='grc' dir='ltr'>μεμενή-</span> 
     </span>
    </p>
   </div>
   <div class='ocr_carea' id='block_1_76' title="bbox 168 4489 1727 4562">
    <p class='ocr_par' dir='ltr' id='par_1_76' title="bbox 168 4489 1727 4562">
     <span class='ocr_line' id='line_1_76' title="bbox 168 4489 1727 4562; baseline 0.004 -22"><span class='ocrx_word' id='word_1_524' title='bbox 168 4505 303 4555; x_wconf 76' lang='grc' dir='ltr'>κασι,</span> <span class='ocrx_word' id='word_1_525' title='bbox 350 4490 491 4561; x_wconf 81' lang='grc' dir='ltr'>μηδὲ</span> <span class='ocrx_word' id='word_1_526' title='bbox 538 4490 796 4559; x_wconf 85' lang='grc' dir='ltr'>τελευτὴν</span> <span class='ocrx_word' id='word_1_527' title='bbox 839 4489 1103 4559; x_wconf 80' lang='grc' dir='ltr'>ὀξυτέραν</span> <span class='ocrx_word' id='word_1_528' title='bbox 1151 4494 1544 4562; x_wconf 77' lang='grc' dir='ltr'>κερδαίνοντες,</span> <span class='ocrx_word' id='word_1_529' title='bbox 1594 4493 1727 4547; x_wconf 79' lang='grc' dir='ltr'>ἀλλὰ</span> 
     </span>
    </p>
   </div>
   <div class='ocr_carea' id='block_1_77' title="bbox 1822 3278 3392 3369">
    <p class='ocr_par' dir='ltr' id='par_1_77' title="bbox 1822 3278 3392 3369">
     <span class='ocr_line' id='line_1_77' title="bbox 1822 3278 3392 3369; baseline -0.02 -11"><span class='ocrx_word' id='word_1_530' title='bbox 1822 3278 1934 3369; x_wconf 63' lang='lat' dir='ltr'><strong>(i7)</strong></span> <span class='ocrx_word' id='word_1_531' title='bbox 1971 3299 2167 3352; x_wconf 91' lang='lat' dir='ltr'><strong>mulier</strong></span> <span class='ocrx_word' id='word_1_532' title='bbox 2194 3296 2436 3350; x_wconf 87' lang='lat' dir='ltr'><strong>humeris</strong></span> <span class='ocrx_word' id='word_1_533' title='bbox 2468 3300 2684 3362; x_wconf 88' lang='lat' dir='ltr'><strong>gestans</strong></span> <span class='ocrx_word' id='word_1_534' title='bbox 2714 3302 2849 3339; x_wconf 92' lang='lat' dir='ltr'><strong>onus</strong></span> <span class='ocrx_word' id='word_1_535' title='bbox 2888 3281 3130 3340; x_wconf 85' lang='lat' dir='ltr'><strong>infan‘tis,</strong></span> <span class='ocrx_word' id='word_1_536' title='bbox 3155 3278 3246 3331; x_wconf 82' lang='lat' dir='ltr'><strong>sed</strong></span> <span class='ocrx_word' id='word_1_537' title='bbox 3274 3282 3392 3329; x_wconf 88' lang='lat' dir='ltr'><strong>erat</strong></span> 
     </span>
    </p>
   </div>
   <div class='ocr_carea' id='block_1_78' title="bbox 1822 3366 3395 3463">
    <p class='ocr_par' dir='ltr' id='par_1_78' title="bbox 1822 3366 3395 3463">
     <span class='ocr_line' id='line_1_78' title="bbox 1822 3366 3395 3463; baseline -0.02 -15"><span class='ocrx_word' id='word_1_538' title='bbox 1822 3366 2117 3463; x_wconf 37' lang='lat' dir='ltr'><strong>per-nicior’</strong></span> <span class='ocrx_word' id='word_1_539' title='bbox 2152 3388 2447 3441; x_wconf 83' lang='lat' dir='ltr'><strong>satellitum</strong></span> <span class='ocrx_word' id='word_1_540' title='bbox 2483 3396 2697 3437; x_wconf 90' lang='lat' dir='ltr'><strong>cursus.</strong></span> <span class='ocrx_word' id='word_1_541' title='bbox 2731 3379 2880 3432; x_wconf 82' lang='lat' dir='ltr'><strong>Alter</strong></span> <span class='ocrx_word' id='word_1_542' title='bbox 2902 3390 3022 3430; x_wconf 90' lang='lat' dir='ltr'><strong>cum</strong></span> <span class='ocrx_word' id='word_1_543' title='bbox 3050 3372 3223 3425; x_wconf 90' lang='lat' dir='ltr'><strong>altero</strong></span> <span class='ocrx_word' id='word_1_544' title='bbox 3244 3366 3395 3421; x_wconf 85' lang='lat' dir='ltr'><strong>colli-</strong></span> 
     </span>
    </p>
   </div>
   <div class='ocr_carea' id='block_1_79' title="bbox 1824 3459 3397 3538">
    <p class='ocr_par' dir='ltr' id='par_1_79' title="bbox 1824 3459 3397 3538">
     <span class='ocr_line' id='line_1_79' title="bbox 1824 3459 3397 3538; baseline -0.018 0"><span class='ocrx_word' id='word_1_545' title='bbox 1824 3459 2048 3538; x_wconf 82' lang='lat' dir='ltr'><strong>debatur</strong></span> <span class='ocrx_word' id='word_1_546' title='bbox 2075 3489 2130 3535; x_wconf 90' lang='lat' dir='ltr'><strong>et</strong></span> <span class='ocrx_word' id='word_1_547' title='bbox 2157 3494 2316 3534; x_wconf 90' lang='lat' dir='ltr'><strong>voces</strong></span> <span class='ocrx_word' id='word_1_548' title='bbox 2342 3476 2577 3531; x_wconf 63' lang='lat' dir='ltr'><strong>confusae</strong></span> <span class='ocrx_word' id='word_1_549' title='bbox 2606 3472 2951 3531; x_wconf 78' lang='lat' dir='ltr'><strong>tollebantur,</strong></span> <span class='ocrx_word' id='word_1_550' title='bbox 2985 3465 3176 3519; x_wconf 87' lang='lat' dir='ltr'><strong>acerbe</strong></span> <span class='ocrx_word' id='word_1_551' title='bbox 3203 3459 3397 3514; x_wconf 74' lang='lat' dir='ltr'><strong>effere-</strong></span> 
     </span>
    </p>
   </div>
   <div class='ocr_carea' id='block_1_80' title="bbox 1822 3557 3395 3648">
    <p class='ocr_par' dir='ltr' id='par_1_80' title="bbox 1822 3557 3395 3648">
     <span class='ocr_line' id='line_1_80' title="bbox 1822 3557 3395 3648; baseline -0.018 -16"><span class='ocrx_word' id='word_1_552' title='bbox 1822 3593 1929 3648; x_wconf 91' lang='lat' dir='ltr'><strong>que</strong></span> <span class='ocrx_word' id='word_1_553' title='bbox 1959 3575 2157 3630; x_wconf 87' lang='lat' dir='ltr'><strong>milites</strong></span> <span class='ocrx_word' id='word_1_554' title='bbox 2187 3570 2661 3628; x_wconf 87' lang='lat' dir='ltr'><strong>comminabantur</strong></span> <span class='ocrx_word' id='word_1_555' title='bbox 2697 3572 2849 3617; x_wconf 92' lang='lat' dir='ltr'><strong>torvo</strong></span> <span class='ocrx_word' id='word_1_556' title='bbox 2877 3560 3150 3614; x_wconf 86' lang='lat' dir='ltr'><strong>intuentes</strong></span> <span class='ocrx_word' id='word_1_557' title='bbox 3174 3557 3395 3615; x_wconf 84' lang='lat' dir='ltr'><strong>obtutu;</strong></span> 
     </span>
    </p>
   </div>
   <div class='ocr_carea' id='block_1_81' title="bbox 1823 3647 3398 3737">
    <p class='ocr_par' dir='ltr' id='par_1_81' title="bbox 1823 3647 3398 3737">
     <span class='ocr_line' id='line_1_81' title="bbox 1823 3647 3398 3737; baseline -0.018 -14"><span class='ocrx_word' id='word_1_558' title='bbox 1823 3667 2229 3737; x_wconf 88' lang='lat' dir='ltr'><strong>complorabant</strong></span> <span class='ocrx_word' id='word_1_559' title='bbox 2294 3671 2493 3715; x_wconf 88' lang='lat' dir='ltr'><strong>matres</strong></span> <span class='ocrx_word' id='word_1_560' title='bbox 2528 3655 2787 3722; x_wconf 75' lang='lat' dir='ltr'><strong>sanguine</strong></span> <span class='ocrx_word' id='word_1_561' title='bbox 2824 3650 2983 3707; x_wconf 85' lang='lat' dir='ltr'><strong>simul</strong></span> <span class='ocrx_word' id='word_1_562' title='bbox 3040 3647 3398 3716; x_wconf 85' lang='lat' dir='ltr'><strong>lacrymisque</strong></span> 
     </span>
    </p>
   </div>
   <div class='ocr_carea' id='block_1_82' title="bbox 1825 3734 3394 3829">
    <p class='ocr_par' dir='ltr' id='par_1_82' title="bbox 1825 3734 3394 3829">
     <span class='ocr_line' id='line_1_82' title="bbox 1825 3734 3394 3829; baseline -0.017 -13"><span class='ocrx_word' id='word_1_563' title='bbox 1825 3734 2135 3829; x_wconf 46' lang='lat' dir='ltr'><strong>conspersae</strong></span> <span class='ocrx_word' id='word_1_564' title='bbox 2177 3774 2191 3810; x_wconf 90' lang='lat'><strong>:</strong></span> <span class='ocrx_word' id='word_1_565' title='bbox 2242 3754 2515 3822; x_wconf 85' lang='lat' dir='ltr'><strong>ejulabaut</strong></span> <span class='ocrx_word' id='word_1_566' title='bbox 2559 3748 2794 3804; x_wconf 87' lang='lat' dir='ltr'><strong>infantes</strong></span> <span class='ocrx_word' id='word_1_567' title='bbox 2829 3740 3211 3797; x_wconf 61' lang='lat' dir='ltr'><strong>mist-rabiliter</strong></span> <span class='ocrx_word' id='word_1_568' title='bbox 3249 3734 3394 3789; x_wconf 68' lang='lat' dir='ltr'><strong>caesi.</strong></span> 
     </span>
    </p>
   </div>
   <div class='ocr_carea' id='block_1_83' title="bbox 1827 3829 3393 3921">
    <p class='ocr_par' dir='ltr' id='par_1_83' title="bbox 1827 3829 3393 3921">
     <span class='ocr_line' id='line_1_83' title="bbox 1827 3829 3393 3921; baseline -0.019 -12"><span class='ocrx_word' id='word_1_569' title='bbox 1827 3853 2037 3908; x_wconf 80' lang='lat' dir='ltr'><strong>Etenim</strong></span> <span class='ocrx_word' id='word_1_570' title='bbox 2102 3847 2264 3921; x_wconf 86' lang='lat' dir='ltr'><strong>gladii</strong></span> <span class='ocrx_word' id='word_1_571' title='bbox 2295 3848 2346 3901; x_wconf 87' lang='lat' dir='ltr'><strong>in</strong></span> <span class='ocrx_word' id='word_1_572' title='bbox 2380 3846 2520 3907; x_wconf 90' lang='lat' dir='ltr'><strong>illos,</strong></span> <span class='ocrx_word' id='word_1_573' title='bbox 2582 3850 2641 3896; x_wconf 87' lang='lat' dir='ltr'><strong>ut</strong></span> <span class='ocrx_word' id='word_1_574' title='bbox 2684 3853 2845 3895; x_wconf 87' lang='lat' dir='ltr'><strong>casus</strong></span> <span class='ocrx_word' id='word_1_575' title='bbox 2890 3838 3118 3896; x_wconf 89' lang='lat' dir='ltr'><strong>ferebat,</strong></span> <span class='ocrx_word' id='word_1_576' title='bbox 3176 3829 3393 3889; x_wconf 87' lang='lat' dir='ltr'><strong>intenti,</strong></span> 
     </span>
    </p>
   </div>
   <div class='ocr_carea' id='block_1_84' title="bbox 1829 3924 3399 4002">
    <p class='ocr_par' dir='ltr' id='par_1_84' title="bbox 1829 3924 3399 4002">
     <span class='ocr_line' id='line_1_84' title="bbox 1829 3924 3399 4002; baseline -0.017 0"><span class='ocrx_word' id='word_1_577' title='bbox 1829 3960 2072 4002; x_wconf 88' lang='lat' dir='ltr'><strong>summos</strong></span> <span class='ocrx_word' id='word_1_578' title='bbox 2120 3952 2271 3997; x_wconf 87' lang='lat' dir='ltr'><strong>artus</strong></span> <span class='ocrx_word' id='word_1_579' title='bbox 2335 3936 2714 3993; x_wconf 86' lang='lat' dir='ltr'><strong>miserabiliter</strong></span> <span class='ocrx_word' id='word_1_580' title='bbox 2767 3928 3151 4001; x_wconf 85' lang='lat' dir='ltr'><strong>amputabant;</strong></span> <span class='ocrx_word' id='word_1_581' title='bbox 3208 3933 3263 3978; x_wconf 87' lang='lat' dir='ltr'><strong>et</strong></span> <span class='ocrx_word' id='word_1_582' title='bbox 3311 3924 3399 3976; x_wconf 91' lang='lat' dir='ltr'><strong>hic</strong></span> 
     </span>
    </p>
   </div>
   <div class='ocr_carea' id='block_1_85' title="bbox 1828 4017 3400 4105">
    <p class='ocr_par' dir='ltr' id='par_1_85' title="bbox 1828 4017 3400 4105">
     <span class='ocr_line' id='line_1_85' title="bbox 1828 4017 3400 4105; baseline -0.013 -17"><span class='ocrx_word' id='word_1_583' title='bbox 1828 4036 2042 4105; x_wconf 85' lang='lat' dir='ltr'><strong>quidem</strong></span> <span class='ocrx_word' id='word_1_584' title='bbox 2098 4044 2287 4087; x_wconf 79' lang='lat' dir='ltr'><strong>trunca</strong></span> <span class='ocrx_word' id='word_1_585' title='bbox 2341 4045 2498 4082; x_wconf 87' lang='lat' dir='ltr'><strong>manu</strong></span> <span class='ocrx_word' id='word_1_586' title='bbox 2541 4050 2552 4083; x_wconf 92' lang='lat'><strong>:</strong></span> <span class='ocrx_word' id='word_1_587' title='bbox 2596 4026 2682 4080; x_wconf 89' lang='lat' dir='ltr'><strong>ille</strong></span> <span class='ocrx_word' id='word_1_588' title='bbox 2714 4038 2844 4078; x_wconf 88' lang='lat' dir='ltr'><strong>vero</strong></span> <span class='ocrx_word' id='word_1_589' title='bbox 2899 4020 3125 4077; x_wconf 89' lang='lat' dir='ltr'><strong>succisis</strong></span> <span class='ocrx_word' id='word_1_590' title='bbox 3172 4017 3400 4088; x_wconf 74' lang='lat' dir='ltr'><strong>pedibus</strong></span> 
     </span>
    </p>
   </div>
   <div class='ocr_carea' id='block_1_86' title="bbox 1825 4109 3402 4197">
    <p class='ocr_par' dir='ltr' id='par_1_86' title="bbox 1825 4109 3402 4197">
     <span class='ocr_line' id='line_1_86' title="bbox 1825 4109 3402 4197; baseline -0.015 -17"><span class='ocrx_word' id='word_1_591' title='bbox 1825 4127 1935 4197; x_wconf 84' lang='lat' dir='ltr'><strong>jam</strong></span> <span class='ocrx_word' id='word_1_592' title='bbox 1970 4123 2191 4178; x_wconf 86' lang='lat' dir='ltr'><strong>dimidia</strong></span> <span class='ocrx_word' id='word_1_593' title='bbox 2225 4120 2309 4175; x_wconf 91' lang='lat' dir='ltr'><strong>sui</strong></span> <span class='ocrx_word' id='word_1_594' title='bbox 2346 4129 2498 4189; x_wconf 89' lang='lat' dir='ltr'><strong>parte</strong></span> <span class='ocrx_word' id='word_1_595' title='bbox 2530 4125 2771 4170; x_wconf 89' lang='lat' dir='ltr'><strong>mortuus</strong></span> <span class='ocrx_word' id='word_1_596' title='bbox 2804 4121 2942 4167; x_wconf 89' lang='lat' dir='ltr'><strong>erat.</strong></span> <span class='ocrx_word' id='word_1_597' title='bbox 2984 4112 3136 4164; x_wconf 85' lang='lat' dir='ltr'><strong>Alius</strong></span> <span class='ocrx_word' id='word_1_598' title='bbox 3167 4109 3402 4161; x_wconf 83' lang='lat' dir='ltr'><strong>dissecto</strong></span> 
     </span>
    </p>
   </div>
   <div class='ocr_carea' id='block_1_87' title="bbox 1831 4200 3396 4287">
    <p class='ocr_par' dir='ltr' id='par_1_87' title="bbox 1831 4200 3396 4287">
     <span class='ocr_line' id='line_1_87' title="bbox 1831 4200 3396 4287; baseline -0.013 -15"><span class='ocrx_word' id='word_1_599' title='bbox 1831 4218 2008 4287; x_wconf 84' lang='lat' dir='ltr'><strong>capite</strong></span> <span class='ocrx_word' id='word_1_600' title='bbox 2060 4212 2334 4267; x_wconf 87' lang='lat' dir='ltr'><strong>inferioris</strong></span> <span class='ocrx_word' id='word_1_601' title='bbox 2374 4208 2618 4277; x_wconf 85' lang='lat' dir='ltr'><strong>corporis</strong></span> <span class='ocrx_word' id='word_1_602' title='bbox 2669 4204 2781 4277; x_wconf 88' lang='grc'><strong>(18)</strong></span> <span class='ocrx_word' id='word_1_603' title='bbox 2829 4204 3066 4258; x_wconf 84' lang='lat' dir='ltr'><strong>membra</strong></span> <span class='ocrx_word' id='word_1_604' title='bbox 3125 4200 3396 4262; x_wconf 86' lang='lat' dir='ltr'><strong>trahebat,</strong></span> 
     </span>
    </p>
   </div>
   <div class='ocr_carea' id='block_1_88' title="bbox 1831 4292 3398 4372">
    <p class='ocr_par' dir='ltr' id='par_1_88' title="bbox 1831 4292 3398 4372">
     <span class='ocr_line' id='line_1_88' title="bbox 1831 4292 3398 4372; baseline -0.013 -9"><span class='ocrx_word' id='word_1_605' title='bbox 1831 4312 1964 4363; x_wconf 85' lang='lat' dir='ltr'><strong>alter</strong></span> <span class='ocrx_word' id='word_1_606' title='bbox 2022 4320 2152 4359; x_wconf 89' lang='lat' dir='ltr'><strong>vero</strong></span> <span class='ocrx_word' id='word_1_607' title='bbox 2207 4304 2409 4372; x_wconf 89' lang='lat' dir='ltr'><strong>integer</strong></span> <span class='ocrx_word' id='word_1_608' title='bbox 2448 4299 2791 4361; x_wconf 66' lang='lat' dir='ltr'><strong>caedebatur,</strong></span> <span class='ocrx_word' id='word_1_609' title='bbox 2861 4306 2914 4349; x_wconf 90' lang='lat' dir='ltr'><strong>et</strong></span> <span class='ocrx_word' id='word_1_610' title='bbox 2978 4292 3398 4359; x_wconf 81' lang='lat' dir='ltr'><strong>uniuscujusque</strong></span> 
     </span>
    </p>
   </div>
   <div class='ocr_carea' id='block_1_89' title="bbox 1832 4382 3401 4471">
    <p class='ocr_par' dir='ltr' id='par_1_89' title="bbox 1832 4382 3401 4471">
     <span class='ocr_line' id='line_1_89' title="bbox 1832 4382 3401 4471; baseline -0.011 -18"><span class='ocrx_word' id='word_1_611' title='bbox 1832 4398 2045 4471; x_wconf 84' lang='lat' dir='ltr'><strong>generis</strong></span> <span class='ocrx_word' id='word_1_612' title='bbox 2085 4396 2275 4450; x_wconf 87' lang='lat' dir='ltr'><strong>mortis</strong></span> <span class='ocrx_word' id='word_1_613' title='bbox 2305 4393 2505 4447; x_wconf 86' lang='lat' dir='ltr'><strong>arbitra</strong></span> <span class='ocrx_word' id='word_1_614' title='bbox 2547 4390 2712 4444; x_wconf 86' lang='lat' dir='ltr'><strong>libido</strong></span> <span class='ocrx_word' id='word_1_615' title='bbox 2750 4388 2979 4441; x_wconf 88' lang='lat' dir='ltr'><strong>militum</strong></span> <span class='ocrx_word' id='word_1_616' title='bbox 3008 4395 3143 4439; x_wconf 86' lang='lat' dir='ltr'><strong>erat.</strong></span> <span class='ocrx_word' id='word_1_617' title='bbox 3191 4382 3235 4438; x_wconf 94' lang='grc' dir='ltr'>Ο</span> <span class='ocrx_word' id='word_1_618' title='bbox 3268 4391 3401 4451; x_wconf 83' lang='lat' dir='ltr'><strong>quot</strong></span> 
     </span>
    </p>
   </div>
   <div class='ocr_carea' id='block_1_90' title="bbox 1834 4476 3401 4560">
    <p class='ocr_par' dir='ltr' id='par_1_90' title="bbox 1834 4476 3401 4560">
     <span class='ocr_line' id='line_1_90' title="bbox 1834 4476 3401 4560; baseline -0.011 -18"><span class='ocrx_word' id='word_1_619' title='bbox 1834 4490 1982 4560; x_wconf 69' lang='lat' dir='ltr'><strong>pueri</strong></span> <span class='ocrx_word' id='word_1_620' title='bbox 2011 4487 2187 4541; x_wconf 89' lang='lat' dir='ltr'><strong>media</strong></span> <span class='ocrx_word' id='word_1_621' title='bbox 2218 4494 2374 4555; x_wconf 91' lang='lat' dir='ltr'><strong>parte</strong></span> <span class='ocrx_word' id='word_1_622' title='bbox 2395 4482 2519 4538; x_wconf 66' lang='lat' dir='ltr'><strong>cmsi</strong></span> <span class='ocrx_word' id='word_1_623' title='bbox 2556 4479 2888 4536; x_wconf 85' lang='lat' dir='ltr'><strong>semimortui</strong></span> <span class='ocrx_word' id='word_1_624' title='bbox 2928 4476 3401 4544; x_wconf 85' lang='lat' dir='ltr'><strong>relinquebantur,</strong></span> 
     </span>
    </p>
   </div>
   <div class='ocr_carea' id='block_1_91' title="bbox 167 4568 1723 4655">
    <p class='ocr_par' dir='ltr' id='par_1_91' title="bbox 167 4582 1723 4655">
     <span class='ocr_line' id='line_1_91' title="bbox 167 4582 1723 4655; baseline 0.004 -24"><span class='ocrx_word' id='word_1_625' title='bbox 167 4582 473 4653; x_wconf 74' lang='grc' dir='ltr'>καταδραχὺ</span> <span class='ocrx_word' id='word_1_626' title='bbox 513 4582 930 4653; x_wconf 77' lang='grc' dir='ltr'>δαπανώμενοιι</span> <span class='ocrx_word' id='word_1_627' title='bbox 976 4584 1101 4645; x_wconf 86' lang='grc' dir='ltr'>Πῶς</span> <span class='ocrx_word' id='word_1_628' title='bbox 1144 4584 1380 4654; x_wconf 84' lang='grc' dir='ltr'>παρέθεε</span> <span class='ocrx_word' id='word_1_629' title='bbox 1420 4587 1487 4655; x_wconf 77' lang='grc' dir='ltr'>τῇ</span> <span class='ocrx_word' id='word_1_630' title='bbox 1538 4588 1723 4654; x_wconf 61' lang='grc' dir='ltr'>μητρί,</span> 
     </span>
    </p>
   </div>
   <div class='ocr_carea' id='block_1_92' title="bbox 1821 4568 3401 4655">
    <p class='ocr_par' dir='ltr' id='par_1_92' title="bbox 1836 4570 3401 4652">
     <span class='ocr_line' id='line_1_92' title="bbox 1836 4570 3401 4652; baseline -0.01 -15"><span class='ocrx_word' id='word_1_631' title='bbox 1836 4596 1892 4639; x_wconf 91' lang='lat' dir='ltr'><strong>ut</strong></span> <span class='ocrx_word' id='word_1_632' title='bbox 1918 4597 2090 4652; x_wconf 82' lang='lat' dir='ltr'><strong>neque</strong></span> <span class='ocrx_word' id='word_1_633' title='bbox 2123 4583 2227 4635; x_wconf 90' lang='lat' dir='ltr'><strong>hoc</strong></span> <span class='ocrx_word' id='word_1_634' title='bbox 2255 4594 2318 4631; x_wconf 78' lang='lat' dir='ltr'><strong>ex</strong></span> <span class='ocrx_word' id='word_1_635' title='bbox 2357 4590 2543 4631; x_wconf 88' lang='lat' dir='ltr'><strong>eorum</strong></span> <span class='ocrx_word' id='word_1_636' title='bbox 2572 4575 2889 4630; x_wconf 86' lang='lat' dir='ltr'><strong>crudelitate</strong></span> <span class='ocrx_word' id='word_1_637' title='bbox 2921 4570 3119 4624; x_wconf 90' lang='lat' dir='ltr'><strong>lucrari</strong></span> <span class='ocrx_word' id='word_1_638' title='bbox 3156 4578 3401 4637; x_wconf 85' lang='lat' dir='ltr'><strong>possent,</strong></span> 
     </span>
    </p>
   </div>
   <div class='ocr_carea' id='block_1_93' title="bbox 167 4673 1722 4748">
    <p class='ocr_par' dir='ltr' id='par_1_93' title="bbox 167 4673 1722 4748">
     <span class='ocr_line' id='line_1_93' title="bbox 167 4673 1722 4748; baseline 0.004 -23"><span class='ocrx_word' id='word_1_639' title='bbox 167 4673 249 4725; x_wconf 79' lang='grc' dir='ltr'>καὶ</span> <span class='ocrx_word' id='word_1_640' title='bbox 298 4674 633 4748; x_wconf 75' lang='grc' dir='ltr'>ψελλιζούσῃ</span> <span class='ocrx_word' id='word_1_641' title='bbox 690 4679 841 4747; x_wconf 77' lang='grc' dir='ltr'>φωνῇ</span> <span class='ocrx_word' id='word_1_642' title='bbox 899 4675 997 4746; x_wconf 78' lang='grc' dir='ltr'><strong>τὴν</strong></span> <span class='ocrx_word' id='word_1_643' title='bbox 1050 4677 1318 4729; x_wconf 80' lang='grc' dir='ltr'>τεκοῦσαν</span> <span class='ocrx_word' id='word_1_644' title='bbox 1373 4677 1722 4731; x_wconf 77' lang='grc' dir='ltr'>ἀνεκαλεῖτοί</span> 
     </span>
    </p>
   </div>
   <div class='ocr_carea' id='block_1_94' title="bbox 1837 4657 3403 4738">
    <p class='ocr_par' dir='ltr' id='par_1_94' title="bbox 1837 4657 3403 4738">
     <span class='ocr_line' id='line_1_94' title="bbox 1837 4657 3403 4738; baseline -0.011 -7"><span class='ocrx_word' id='word_1_645' title='bbox 1837 4692 1890 4731; x_wconf 87' lang='grc' dir='ltr'><strong>ιιι</strong></span> <span class='ocrx_word' id='word_1_646' title='bbox 1922 4676 2054 4729; x_wconf 84' lang='lat' dir='ltr'><strong>u-ori</strong></span> <span class='ocrx_word' id='word_1_647' title='bbox 2093 4673 2297 4734; x_wconf 86' lang='lat' dir='ltr'><strong>liceret,</strong></span> <span class='ocrx_word' id='word_1_648' title='bbox 2332 4670 2423 4725; x_wconf 89' lang='lat' dir='ltr'><strong>sed</strong></span> <span class='ocrx_word' id='word_1_649' title='bbox 2455 4667 2713 4738; x_wconf 87' lang='lat' dir='ltr'><strong>paulatim</strong></span> <span class='ocrx_word' id='word_1_650' title='bbox 2764 4661 3203 4720; x_wconf 85' lang='lat' dir='ltr'><strong>absumebantur.</strong></span> <span class='ocrx_word' id='word_1_651' title='bbox 3235 4657 3403 4724; x_wconf 75' lang='lat' dir='ltr'><strong>Quale</strong></span> 
     </span>
    </p>
   </div>
   <div class='ocr_carea' id='block_1_95' title="bbox 228 4822 1861 4895">
    <p class='ocr_par' dir='ltr' id='par_1_95' title="bbox 228 4822 1861 4895">
     <span class='ocr_line' id='line_1_95' title="bbox 228 4822 1861 4895; baseline -0.003 -11"><span class='ocrx_word' id='word_1_652' title='bbox 228 4826 270 4860; x_wconf 84' lang='lat'>&quot;</span> <span class='ocrx_word' id='word_1_653' title='bbox 306 4826 461 4884; x_wconf 77' lang='lat' dir='ltr'><strong>Juan.</strong></span> <span class='ocrx_word' id='word_1_654' title='bbox 508 4841 629 4895; x_wconf 68' lang='grc' dir='ltr'>ιιι,</span> <span class='ocrx_word' id='word_1_655' title='bbox 674 4826 760 4882; x_wconf 83' lang='grc'><strong>15.</strong></span> <span class='ocrx_word' id='word_1_656' title='bbox 837 4826 881 4859; x_wconf 77' lang='grc'><strong>⁷⁵</strong></span> <span class='ocrx_word' id='word_1_657' title='bbox 911 4825 1100 4884; x_wconf 77' lang='lat' dir='ltr'><strong>Matth.</strong></span> <span class='ocrx_word' id='word_1_658' title='bbox 1134 4842 1194 4890; x_wconf 91' lang='lat' dir='ltr'><strong>tt,</strong></span> <span class='ocrx_word' id='word_1_659' title='bbox 1224 4823 1326 4889; x_wconf 65' lang='lat'><strong>18;</strong></span> <span class='ocrx_word' id='word_1_660' title='bbox 1358 4822 1557 4879; x_wconf 81' lang='lat' dir='ltr'><strong>Jcrem.</strong></span> <span class='ocrx_word' id='word_1_661' title='bbox 1594 4841 1743 4888; x_wconf 76' lang='lat' dir='ltr'><strong>xxxi,</strong></span> <span class='ocrx_word' id='word_1_662' title='bbox 1780 4827 1861 4879; x_wconf 88' lang='grc'><strong>15.</strong></span> 
     </span>
    </p>
   </div>
   <div class='ocr_carea' id='block_1_96' title="bbox 1389 4964 2173 5029">
    <p class='ocr_par' dir='ltr' id='par_1_96' title="bbox 1389 4964 2173 5029">
     <span class='ocr_line' id='line_1_96' title="bbox 1389 4964 2173 5029; baseline -0.006 0"><span class='ocrx_word' id='word_1_663' title='bbox 1389 4966 1713 5029; x_wconf 76' lang='lat' dir='ltr'><strong>FranCtsci</strong></span> <span class='ocrx_word' id='word_1_664' title='bbox 1748 4964 1957 5028; x_wconf 86' lang='lat' dir='ltr'><strong>Scorsi</strong></span> <span class='ocrx_word' id='word_1_665' title='bbox 1990 4973 2173 5025; x_wconf 73' lang='lat' dir='ltr'><strong>notes.</strong></span> 
     </span>
    </p>
   </div>
   <div class='ocr_carea' id='block_1_97' title="bbox 232 5092 1731 5163">
    <p class='ocr_par' dir='ltr' id='par_1_97' title="bbox 232 5092 1731 5163">
     <span class='ocr_line' id='line_1_97' title="bbox 232 5092 1731 5163; baseline -0.001 -14"><span class='ocrx_word' id='word_1_666' title='bbox 232 5094 336 5163; x_wconf 84' lang='grc'><strong>(16)</strong></span> <span class='ocrx_word' id='word_1_667' title='bbox 377 5093 583 5163; x_wconf 72' lang='lat' dir='ltr'><strong>Cornea</strong></span> <span class='ocrx_word' id='word_1_668' title='bbox 632 5092 895 5163; x_wconf 69' lang='lat' dir='ltr'><strong>humanas</strong></span> <span class='ocrx_word' id='word_1_669' title='bbox 933 5103 1234 5163; x_wconf 70' lang='lat' dir='ltr'><strong>gustarunt.</strong></span> <span class='ocrx_word' id='word_1_670' title='bbox 1283 5093 1395 5149; x_wconf 83' lang='lat' dir='ltr'><strong>Hoc</strong></span> <span class='ocrx_word' id='word_1_671' title='bbox 1441 5102 1623 5148; x_wconf 91' lang='lat' dir='ltr'><strong>notum</strong></span> <span class='ocrx_word' id='word_1_672' title='bbox 1676 5104 1731 5148; x_wconf 88' lang='lat' dir='ltr'><strong>et</strong></span> 
     </span>
    </p>
   </div>
   <div class='ocr_carea' id='block_1_98' title="bbox 175 5160 1728 5233">
    <p class='ocr_par' dir='ltr' id='par_1_98' title="bbox 175 5160 1728 5233">
     <span class='ocr_line' id='line_1_98' title="bbox 175 5160 1728 5233; baseline 0.001 -17"><span class='ocrx_word' id='word_1_673' title='bbox 175 5160 426 5233; x_wconf 80' lang='lat' dir='ltr'><strong>proditum</strong></span> <span class='ocrx_word' id='word_1_674' title='bbox 451 5179 483 5217; x_wconf 88' lang='lat' dir='ltr'><strong>a</strong></span> <span class='ocrx_word' id='word_1_675' title='bbox 506 5162 762 5231; x_wconf 82' lang='lat' dir='ltr'><strong>Joseplto,</strong></span> <span class='ocrx_word' id='word_1_676' title='bbox 792 5162 885 5233; x_wconf 73' lang='lat' dir='ltr'><strong>lib.</strong></span> <span class='ocrx_word' id='word_1_677' title='bbox 913 5160 1004 5227; x_wconf 65' lang='lat' dir='ltr'><strong>vlt,</strong></span> <span class='ocrx_word' id='word_1_678' title='bbox 1033 5164 1107 5218; x_wconf 84' lang='lat' dir='ltr'><strong>De</strong></span> <span class='ocrx_word' id='word_1_679' title='bbox 1134 5160 1265 5218; x_wconf 62' lang='lat' dir='ltr'><strong>bella</strong></span> <span class='ocrx_word' id='word_1_680' title='bbox 1288 5165 1444 5225; x_wconf 80' lang='lat' dir='ltr'><strong>Jud..</strong></span> <span class='ocrx_word' id='word_1_681' title='bbox 1467 5180 1587 5230; x_wconf 89' lang='lat' dir='ltr'><strong>cap.</strong></span> <span class='ocrx_word' id='word_1_682' title='bbox 1614 5180 1728 5230; x_wconf 85' lang='lat' dir='ltr'><strong>vm,</strong></span> 
     </span>
    </p>
   </div>
   <div class='ocr_carea' id='block_1_99' title="bbox 174 5232 1731 5295">
    <p class='ocr_par' dir='ltr' id='par_1_99' title="bbox 174 5232 1731 5295">
     <span class='ocr_line' id='line_1_99' title="bbox 174 5232 1731 5295; baseline 0.002 -9"><span class='ocrx_word' id='word_1_683' title='bbox 174 5232 220 5289; x_wconf 86' lang='lat' dir='ltr'><strong>et</strong></span> <span class='ocrx_word' id='word_1_684' title='bbox 242 5252 270 5289; x_wconf 90' lang='lat' dir='ltr'><strong>a</strong></span> <span class='ocrx_word' id='word_1_685' title='bbox 299 5235 530 5289; x_wconf 80' lang='lat' dir='ltr'><strong>Barouio</strong></span> <span class='ocrx_word' id='word_1_686' title='bbox 554 5234 723 5295; x_wconf 86' lang='lat' dir='ltr'><strong>ipsum</strong></span> <span class='ocrx_word' id='word_1_687' title='bbox 756 5232 1022 5287; x_wconf 78' lang='lat' dir='ltr'><strong>referente</strong></span> <span class='ocrx_word' id='word_1_688' title='bbox 1047 5249 1187 5288; x_wconf 92' lang='lat' dir='ltr'><strong>anno</strong></span> <span class='ocrx_word' id='word_1_689' title='bbox 1218 5235 1414 5290; x_wconf 89' lang='lat' dir='ltr'><strong>Cbristi</strong></span> <span class='ocrx_word' id='word_1_690' title='bbox 1449 5235 1535 5289; x_wconf 76' lang='lat'><strong>62.</strong></span> <span class='ocrx_word' id='word_1_691' title='bbox 1572 5234 1731 5289; x_wconf 88' lang='lat' dir='ltr'><strong>Deest</strong></span> 
     </span>
    </p>
   </div>
   <div class='ocr_carea' id='block_1_100' title="bbox 174 5301 1731 5374">
    <p class='ocr_par' dir='ltr' id='par_1_100' title="bbox 174 5301 1731 5374">
     <span class='ocr_line' id='line_1_100' title="bbox 174 5301 1731 5374; baseline 0.002 -19"><span class='ocrx_word' id='word_1_692' title='bbox 174 5320 287 5359; x_wconf 83' lang='lat' dir='ltr'><strong>vero</strong></span> <span class='ocrx_word' id='word_1_693' title='bbox 313 5307 362 5358; x_wconf 92' lang='lat' dir='ltr'><strong>in</strong></span> <span class='ocrx_word' id='word_1_694' title='bbox 393 5306 519 5357; x_wconf 87' lang='lat' dir='ltr'><strong>cod.</strong></span> <span class='ocrx_word' id='word_1_695' title='bbox 564 5301 628 5357; x_wconf 84' lang='lat' dir='ltr'><strong>P.</strong></span> <span class='ocrx_word' id='word_1_696' title='bbox 658 5316 758 5357; x_wconf 76' lang='lat' dir='ltr'><strong>vox</strong></span> <span class='ocrx_word' id='word_1_697' title='bbox 813 5303 1329 5374; x_wconf 85' lang='grc' dir='ltr'>λιμαγχονούμενοι,</span> <span class='ocrx_word' id='word_1_698' title='bbox 1369 5320 1487 5373; x_wconf 66' lang='lat' dir='ltr'><strong>qum</strong></span> <span class='ocrx_word' id='word_1_699' title='bbox 1521 5306 1731 5358; x_wconf 86' lang='lat' dir='ltr'><strong>videtur</strong></span> 
     </span>
    </p>
   </div>
   <div class='ocr_carea' id='block_1_101' title="bbox 174 5374 1727 5441">
    <p class='ocr_par' dir='ltr' id='par_1_101' title="bbox 174 5374 1727 5441">
     <span class='ocr_line' id='line_1_101' title="bbox 174 5374 1727 5441; baseline 0.001 -16"><span class='ocrx_word' id='word_1_700' title='bbox 174 5376 326 5441; x_wconf 79' lang='lat' dir='ltr'><strong>magis</strong></span> <span class='ocrx_word' id='word_1_701' title='bbox 348 5375 630 5428; x_wconf 65' lang='lat' dir='ltr'><strong>cohaerere</strong></span> <span class='ocrx_word' id='word_1_702' title='bbox 651 5387 771 5426; x_wconf 90' lang='lat' dir='ltr'><strong>cum</strong></span> <span class='ocrx_word' id='word_1_703' title='bbox 797 5376 1145 5441; x_wconf 87' lang='lat' dir='ltr'><strong>sequentibus</strong></span> <span class='ocrx_word' id='word_1_704' title='bbox 1173 5376 1224 5428; x_wconf 90' lang='lat' dir='ltr'><strong>in</strong></span> <span class='ocrx_word' id='word_1_705' title='bbox 1250 5378 1350 5428; x_wconf 91' lang='lat' dir='ltr'><strong>hac</strong></span> <span class='ocrx_word' id='word_1_706' title='bbox 1377 5384 1501 5429; x_wconf 85' lang='lat' dir='ltr'><strong>uota</strong></span> <span class='ocrx_word' id='word_1_707' title='bbox 1524 5374 1727 5436; x_wconf 86' lang='lat' dir='ltr'><strong>relatis,</strong></span> 
     </span>
    </p>
   </div>
   <div class='ocr_carea' id='block_1_102' title="bbox 173 5442 1730 5522">
    <p class='ocr_par' dir='ltr' id='par_1_102' title="bbox 173 5442 1730 5522">
     <span class='ocr_line' id='line_1_102' title="bbox 173 5442 1730 5522; baseline 0.001 -25"><span class='ocrx_word' id='word_1_708' title='bbox 173 5444 510 5522; x_wconf 41' lang='lat' dir='ltr'><strong>ﬂetosnam</strong></span> <span class='ocrx_word' id='word_1_709' title='bbox 554 5442 914 5522; x_wconf 59' lang='grc' dir='ltr'>ἀνθρωπίνων</span> <span class='ocrx_word' id='word_1_710' title='bbox 938 5443 1255 5522; x_wconf 77' lang='grc' dir='ltr'>ἐγεύσαντο.</span> <span class='ocrx_word' id='word_1_711' title='bbox 1299 5445 1481 5522; x_wconf 82' lang='lat' dir='ltr'><strong>Itaq_ue</strong></span> <span class='ocrx_word' id='word_1_712' title='bbox 1517 5445 1730 5522; x_wconf 72' lang='lat' dir='ltr'><strong>restitui</strong></span> 
     </span>
    </p>
   </div>
   <div class='ocr_carea' id='block_1_103' title="bbox 176 5512 1730 5580">
    <p class='ocr_par' dir='ltr' id='par_1_103' title="bbox 176 5512 1730 5580">
     <span class='ocr_line' id='line_1_103' title="bbox 176 5512 1730 5580; baseline 0.001 -16"><span class='ocrx_word' id='word_1_713' title='bbox 176 5512 301 5567; x_wconf 89' lang='lat' dir='ltr'><strong>illum</strong></span> <span class='ocrx_word' id='word_1_714' title='bbox 338 5512 403 5569; x_wconf 69' lang='lat' dir='ltr'><strong>ex</strong></span> <span class='ocrx_word' id='word_1_715' title='bbox 430 5515 608 5567; x_wconf 84' lang='lat' dir='ltr'><strong>altero</strong></span> <span class='ocrx_word' id='word_1_716' title='bbox 644 5514 766 5568; x_wconf 91' lang='lat' dir='ltr'><strong>cod.</strong></span> <span class='ocrx_word' id='word_1_717' title='bbox 801 5524 856 5567; x_wconf 87' lang='lat' dir='ltr'><strong>et</strong></span> <span class='ocrx_word' id='word_1_718' title='bbox 898 5522 1017 5580; x_wconf 88' lang='lat' dir='ltr'><strong>post</strong></span> <span class='ocrx_word' id='word_1_719' title='bbox 1044 5513 1359 5579; x_wconf 84' lang='grc' dir='ltr'>ἐγεύσαντο.</span> <span class='ocrx_word' id='word_1_720' title='bbox 1397 5512 1597 5569; x_wconf 79' lang='lat' dir='ltr'><strong>Desunt</strong></span> <span class='ocrx_word' id='word_1_721' title='bbox 1640 5513 1730 5566; x_wconf 90' lang='lat' dir='ltr'><strong>iti-</strong></span> 
     </span>
    </p>
   </div>
   <div class='ocr_carea' id='block_1_104' title="bbox 174 5582 1732 5649">
    <p class='ocr_par' dir='ltr' id='par_1_104' title="bbox 174 5582 1732 5649">
     <span class='ocr_line' id='line_1_104' title="bbox 174 5582 1732 5649; baseline 0 -14"><span class='ocrx_word' id='word_1_722' title='bbox 174 5582 277 5635; x_wconf 87' lang='lat' dir='ltr'><strong>dem</strong></span> <span class='ocrx_word' id='word_1_723' title='bbox 333 5585 387 5639; x_wconf 86' lang='lat' dir='ltr'><strong>iu</strong></span> <span class='ocrx_word' id='word_1_724' title='bbox 448 5584 706 5637; x_wconf 76' lang='lat' dir='ltr'><strong>Pattor’m.</strong></span> <span class='ocrx_word' id='word_1_725' title='bbox 776 5582 1036 5646; x_wconf 82' lang='grc' dir='ltr'>’Δλῶντες</span> <span class='ocrx_word' id='word_1_726' title='bbox 1089 5585 1148 5636; x_wconf 73' lang='grc' dir='ltr'>δὲ</span> <span class='ocrx_word' id='word_1_727' title='bbox 1205 5585 1451 5649; x_wconf 81' lang='grc' dir='ltr'>ἀνηλεῶς</span> <span class='ocrx_word' id='word_1_728' title='bbox 1504 5582 1732 5636; x_wconf 81' lang='grc' dir='ltr'>κατεκό-</span> 
     </span>
    </p>
   </div>
   <div class='ocr_carea' id='block_1_105' title="bbox 176 5654 1730 5723">
    <p class='ocr_par' dir='ltr' id='par_1_105' title="bbox 176 5654 1730 5723">
     <span class='ocr_line' id='line_1_105' title="bbox 176 5654 1730 5723; baseline 0.001 -18"><span class='ocrx_word' id='word_1_729' title='bbox 176 5669 358 5720; x_wconf 82' lang='grc' dir='ltr'>πησαν.</span> <span class='ocrx_word' id='word_1_730' title='bbox 403 5654 540 5721; x_wconf 67' lang='lat' dir='ltr'><strong>Quae</strong></span> <span class='ocrx_word' id='word_1_731' title='bbox 575 5655 898 5723; x_wconf 57' lang='lat' dir='ltr'><strong>rem‘magis</strong></span> <span class='ocrx_word' id='word_1_732' title='bbox 944 5662 1144 5723; x_wconf 87' lang='lat' dir='ltr'><strong>augent</strong></span> <span class='ocrx_word' id='word_1_733' title='bbox 1190 5664 1245 5709; x_wconf 86' lang='lat' dir='ltr'><strong>et</strong></span> <span class='ocrx_word' id='word_1_734' title='bbox 1286 5665 1411 5709; x_wconf 88' lang='lat' dir='ltr'><strong>sunt</strong></span> <span class='ocrx_word' id='word_1_735' title='bbox 1458 5670 1525 5707; x_wconf 82' lang='lat' dir='ltr'><strong>ex</strong></span> <span class='ocrx_word' id='word_1_736' title='bbox 1572 5654 1730 5723; x_wconf 86' lang='lat' dir='ltr'><strong>genio</strong></span> 
     </span>
    </p>
   </div>
   <div class='ocr_carea' id='block_1_106' title="bbox 176 5722 1726 5800">
    <p class='ocr_par' dir='ltr' id='par_1_106' title="bbox 176 5722 1726 5800">
     <span class='ocr_line' id='line_1_106' title="bbox 176 5722 1726 5800; baseline 0.001 -27"><span class='ocrx_word' id='word_1_737' title='bbox 176 5726 649 5800; x_wconf 76' lang='lat' dir='ltr'><strong>a_t_tct_or_is_._ltaqu_e</strong></span> <span class='ocrx_word' id='word_1_738' title='bbox 689 5722 898 5800; x_wconf 63' lang='lat' dir='ltr'><strong>reddidi</strong></span> <span class='ocrx_word' id='word_1_739' title='bbox 932 5740 997 5800; x_wconf 77' lang='lat' dir='ltr'><strong>ex</strong></span> <span class='ocrx_word' id='word_1_740' title='bbox 1042 5722 1316 5800; x_wconf 76' lang='lat' dir='ltr'><strong>G_all.;_et</strong></span> <span class='ocrx_word' id='word_1_741' title='bbox 1360 5726 1541 5778; x_wconf 85' lang='lat' dir='ltr'><strong>itidem</strong></span> <span class='ocrx_word' id='word_1_742' title='bbox 1589 5722 1726 5800; x_wconf 74' lang='lat' dir='ltr'><strong>infra</strong></span> 
     </span>
    </p>
   </div>
   <div class='ocr_carea' id='block_1_107' title="bbox 180 5791 1729 5865">
    <p class='ocr_par' dir='ltr' id='par_1_107' title="bbox 180 5791 1729 5865">
     <span class='ocr_line' id='line_1_107' title="bbox 180 5791 1729 5865; baseline 0.003 -27"><span class='ocrx_word' id='word_1_743' title='bbox 180 5791 288 5844; x_wconf 81' lang='lat' dir='ltr'><strong>illud</strong></span> <span class='ocrx_word' id='word_1_744' title='bbox 327 5795 444 5847; x_wconf 66' lang='grc' dir='ltr'>ἀλλ’</span> <span class='ocrx_word' id='word_1_745' title='bbox 478 5791 580 5847; x_wconf 75' lang='grc' dir='ltr'><strong>οὐκ</strong></span> <span class='ocrx_word' id='word_1_746' title='bbox 608 5795 787 5864; x_wconf 81' lang='grc' dir='ltr'>ἀφῆκε</span> <span class='ocrx_word' id='word_1_747' title='bbox 835 5793 895 5846; x_wconf 80' lang='grc' dir='ltr'>τὸ</span> <span class='ocrx_word' id='word_1_748' title='bbox 928 5794 1131 5863; x_wconf 81' lang='grc' dir='ltr'>ἀπηνὲς</span> <span class='ocrx_word' id='word_1_749' title='bbox 1178 5794 1272 5847; x_wconf 87' lang='grc' dir='ltr'><strong>τοῦ</strong></span> <span class='ocrx_word' id='word_1_750' title='bbox 1314 5796 1577 5865; x_wconf 84' lang='grc' dir='ltr'>τυράννου</span> <span class='ocrx_word' id='word_1_751' title='bbox 1610 5792 1729 5844; x_wconf 84' lang='grc' dir='ltr'>ἐπί-</span> 
     </span>
    </p>
   </div>
   <div class='ocr_carea' id='block_1_108' title="bbox 179 5864 1725 5932">
    <p class='ocr_par' dir='ltr' id='par_1_108' title="bbox 179 5864 1725 5932">
     <span class='ocr_line' id='line_1_108' title="bbox 179 5864 1725 5932; baseline -0.004 -13"><span class='ocrx_word' id='word_1_752' title='bbox 179 5876 450 5928; x_wconf 51' lang='lat' dir='ltr'><strong>tamam:</strong></span> <span class='ocrx_word' id='word_1_753' title='bbox 499 5866 686 5919; x_wconf 84' lang='lat' dir='ltr'><strong>eodem</strong></span> <span class='ocrx_word' id='word_1_754' title='bbox 739 5867 857 5921; x_wconf 79' lang='lat' dir='ltr'><strong>cod.</strong></span> <span class='ocrx_word' id='word_1_755' title='bbox 914 5875 1075 5932; x_wconf 83' lang='lat' dir='ltr'><strong>atque</strong></span> <span class='ocrx_word' id='word_1_756' title='bbox 1119 5865 1218 5920; x_wconf 84' lang='lat' dir='ltr'><strong>itas</strong></span> <span class='ocrx_word' id='word_1_757' title='bbox 1262 5865 1316 5920; x_wconf 90' lang='lat' dir='ltr'><strong>in</strong></span> <span class='ocrx_word' id='word_1_758' title='bbox 1363 5864 1503 5920; x_wconf 87' lang='lat' dir='ltr'><strong>hunc</strong></span> <span class='ocrx_word' id='word_1_759' title='bbox 1552 5864 1725 5918; x_wconf 89' lang='lat' dir='ltr'><strong>locmn</strong></span> 
     </span>
    </p>
   </div>
   <div class='ocr_carea' id='block_1_109' title="bbox 1828 5078 3401 5214">
    <p class='ocr_par' dir='ltr' id='par_1_109' title="bbox 1828 5078 3401 5214">
     <span class='ocr_line' id='line_1_109' title="bbox 1828 5078 3401 5214; baseline -0.009 -70"><span class='ocrx_word' id='word_1_760' title='bbox 1828 5089 2016 5214; x_wconf 46' lang='lat' dir='ltr'><strong>gollegi</strong></span> <span class='ocrx_word' id='word_1_761' title='bbox 2087 5088 2264 5143; x_wconf 89' lang='lat' dir='ltr'><strong>varias</strong></span> <span class='ocrx_word' id='word_1_762' title='bbox 2329 5085 2584 5157; x_wconf 81' lang='lat' dir='ltr'><strong>lectiones</strong></span> <span class='ocrx_word' id='word_1_763' title='bbox 2644 5098 2764 5155; x_wconf 75' lang='lat' dir='ltr'><strong>quze</strong></span> <span class='ocrx_word' id='word_1_764' title='bbox 2807 5081 2921 5138; x_wconf 87' lang='lat' dir='ltr'><strong>suis</strong></span> <span class='ocrx_word' id='word_1_765' title='bbox 2972 5080 3103 5134; x_wconf 88' lang='lat' dir='ltr'><strong>locis</strong></span> <span class='ocrx_word' id='word_1_766' title='bbox 3152 5078 3401 5132; x_wconf 76' lang='lat' dir='ltr'><strong>notandus</strong></span> 
     </span>
     <span class='ocr_line' id='line_1_110' title="bbox 1853 5169 2062 5214; baseline 0.005 -1"><span class='ocrx_word' id='word_1_767' title='bbox 1853 5169 2062 5214; x_wconf 83' lang='lat' dir='ltr'><strong>uerant.</strong></span> 
     </span>
    </p>
   </div>
   <div class='ocr_carea' id='block_1_110' title="bbox 1853 5169 2062 5214">
    <p class='ocr_par' dir='ltr' id='par_1_110' title="bbox 1853 5169 2062 5214">
     <span class='ocr_line' id='line_1_111' title="bbox 1853 5169 2062 5214; baseline 0.005 -1"><span class='ocrx_word' id='word_1_768' title='bbox 1853 5169 2062 5214; x_wconf 75' lang='lat' dir='ltr'><strong>&#39;uerant.</strong></span> 
     </span>
    </p>
   </div>
   <div class='ocr_carea' id='block_1_111' title="bbox 1902 5219 3399 5302">
    <p class='ocr_par' dir='ltr' id='par_1_111' title="bbox 1902 5219 3399 5302">
     <span class='ocr_line' id='line_1_112' title="bbox 1902 5219 3399 5302; baseline -0.006 -19"><span class='ocrx_word' id='word_1_769' title='bbox 1902 5231 2013 5302; x_wconf 78' lang='grc' dir='ltr'><strong>(Π)</strong></span> <span class='ocrx_word' id='word_1_770' title='bbox 2056 5229 2121 5283; x_wconf 85' lang='lat' dir='ltr'><strong>In</strong></span> <span class='ocrx_word' id='word_1_771' title='bbox 2160 5228 2340 5302; x_wconf 79' lang='lat' dir='ltr'><strong>fugam</strong></span> <span class='ocrx_word' id='word_1_772' title='bbox 2372 5244 2436 5302; x_wconf 24' lang='lat' dir='ltr'><strong>Aac</strong></span> <span class='ocrx_word' id='word_1_773' title='bbox 2482 5223 2851 5302; x_wconf 69' lang='grc' dir='ltr'><strong>ριὀνίρίειιιις.⁵</strong></span> <span class='ocrx_word' id='word_1_774' title='bbox 2879 5220 2991 5302; x_wconf 78' lang='lat' dir='ltr'><strong>Hoc</strong></span> <span class='ocrx_word' id='word_1_775' title='bbox 3041 5219 3399 5302; x_wconf 77' lang='lat' dir='ltr'><strong>fragmentum</strong></span> 
     </span>
    </p>
   </div>
   <div class='ocr_carea' id='block_1_112' title="bbox 1828 5293 3401 5366">
    <p class='ocr_par' dir='ltr' id='par_1_112' title="bbox 1828 5293 3401 5366">
     <span class='ocr_line' id='line_1_113' title="bbox 1828 5293 3401 5366; baseline -0.005 -12"><span class='ocrx_word' id='word_1_776' title='bbox 1828 5293 1977 5354; x_wconf 80' lang='lat' dir='ltr'><strong>deest</strong></span> <span class='ocrx_word' id='word_1_777' title='bbox 1996 5293 2055 5353; x_wconf 75' lang='lat' dir='ltr'><strong>in</strong></span> <span class='ocrx_word' id='word_1_778' title='bbox 2084 5293 2188 5353; x_wconf 85' lang='lat' dir='ltr'><strong>uno</strong></span> <span class='ocrx_word' id='word_1_779' title='bbox 2217 5293 2336 5354; x_wconf 73' lang='lat' dir='ltr'><strong>cod.</strong></span> <span class='ocrx_word' id='word_1_780' title='bbox 2367 5293 2513 5366; x_wconf 85' lang='grc' dir='ltr'>δρμα</span> <span class='ocrx_word' id='word_1_781' title='bbox 2542 5293 2709 5365; x_wconf 86' lang='lat' dir='ltr'><strong>usque</strong></span> <span class='ocrx_word' id='word_1_782' title='bbox 2736 5296 2801 5347; x_wconf 92' lang='lat' dir='ltr'><strong>ad</strong></span> <span class='ocrx_word' id='word_1_783' title='bbox 2835 5294 3116 5366; x_wconf 56' lang='grc' dir='ltr'>ἐπάγουσα</span> <span class='ocrx_word' id='word_1_784' title='bbox 3148 5306 3253 5366; x_wconf 75' lang='lat' dir='ltr'><strong>non</strong></span> <span class='ocrx_word' id='word_1_785' title='bbox 3284 5293 3401 5346; x_wconf 88' lang='lat' dir='ltr'><strong>sine</strong></span> 
     </span>
    </p>
   </div>
   <div class='ocr_carea' id='block_1_113' title="bbox 1828 5361 3401 5427">
    <p class='ocr_par' dir='ltr' id='par_1_113' title="bbox 1828 5361 3401 5427">
     <span class='ocr_line' id='line_1_114' title="bbox 1828 5361 3401 5427; baseline -0.006 -4"><span class='ocrx_word' id='word_1_786' title='bbox 1828 5372 2149 5425; x_wconf 87' lang='lat' dir='ltr'><strong>detrimento</strong></span> <span class='ocrx_word' id='word_1_787' title='bbox 2196 5381 2250 5423; x_wconf 93' lang='lat' dir='ltr'><strong>et</strong></span> <span class='ocrx_word' id='word_1_788' title='bbox 2290 5361 2481 5423; x_wconf 78' lang='lat' dir='ltr'><strong>sensus</strong></span> <span class='ocrx_word' id='word_1_789' title='bbox 2516 5378 2567 5419; x_wconf 90' lang='lat' dir='ltr'><strong>et</strong></span> <span class='ocrx_word' id='word_1_790' title='bbox 2600 5361 2916 5417; x_wconf 73' lang='lat' dir='ltr'><strong>venustatis.</strong></span> <span class='ocrx_word' id='word_1_791' title='bbox 2959 5362 3058 5427; x_wconf 86' lang='lat' dir='ltr'><strong>Qui</strong></span> <span class='ocrx_word' id='word_1_792' title='bbox 3090 5361 3231 5413; x_wconf 90' lang='lat' dir='ltr'><strong>enim</strong></span> <span class='ocrx_word' id='word_1_793' title='bbox 3280 5378 3401 5426; x_wconf 86' lang='lat' dir='ltr'><strong>pos-</strong></span> 
     </span>
    </p>
   </div>
   <div class='ocr_carea' id='block_1_114' title="bbox 1828 5429 3400 5509">
    <p class='ocr_par' dir='ltr' id='par_1_114' title="bbox 1828 5429 3400 5509">
     <span class='ocr_line' id='line_1_115' title="bbox 1828 5429 3400 5509; baseline -0.004 -20"><span class='ocrx_word' id='word_1_794' title='bbox 1828 5452 1953 5509; x_wconf 87' lang='lat' dir='ltr'><strong>sunt</strong></span> <span class='ocrx_word' id='word_1_795' title='bbox 1984 5441 2260 5509; x_wconf 87' lang='lat' dir='ltr'><strong>sequentia</strong></span> <span class='ocrx_word' id='word_1_796' title='bbox 2308 5438 2529 5509; x_wconf 80' lang='lat' dir='ltr'><strong>intelligi</strong></span> <span class='ocrx_word' id='word_1_797' title='bbox 2558 5453 2572 5489; x_wconf 89' lang='lat'><strong>:</strong></span> <span class='ocrx_word' id='word_1_798' title='bbox 2613 5434 2754 5487; x_wconf 83' lang='grc' dir='ltr'>Ἀλλ’</span> <span class='ocrx_word' id='word_1_799' title='bbox 2790 5429 2866 5509; x_wconf 66' lang='grc' dir='ltr'>ἦν</span> <span class='ocrx_word' id='word_1_800' title='bbox 2904 5432 3010 5509; x_wconf 82' lang='grc' dir='ltr'><strong>τῶν</strong></span> <span class='ocrx_word' id='word_1_801' title='bbox 3043 5430 3336 5509; x_wconf 75' lang='grc' dir='ltr'>ὑπηρετῶν</span> <span class='ocrx_word' id='word_1_802' title='bbox 3370 5433 3400 5483; x_wconf 90' lang='lat'><strong>6</strong></span> 
     </span>
    </p>
   </div>
   <div class='ocr_carea' id='block_1_115' title="bbox 1827 5501 3400 5580">
    <p class='ocr_par' dir='ltr' id='par_1_115' title="bbox 1827 5501 3400 5580">
     <span class='ocr_line' id='line_1_116' title="bbox 1827 5501 3400 5580; baseline -0.004 -19"><span class='ocrx_word' id='word_1_803' title='bbox 1827 5508 2029 5580; x_wconf 86' lang='grc' dir='ltr'>δρόμος</span> <span class='ocrx_word' id='word_1_804' title='bbox 2063 5501 2348 5579; x_wconf 64' lang='grc' dir='ltr'>όξύτερος.</span> <span class='ocrx_word' id='word_1_805' title='bbox 2384 5501 2515 5561; x_wconf 76' lang='lat' dir='ltr'><strong>Illud</strong></span> <span class='ocrx_word' id='word_1_806' title='bbox 2559 5519 2688 5575; x_wconf 87' lang='lat' dir='ltr'><strong>ergo</strong></span> <span class='ocrx_word' id='word_1_807' title='bbox 2718 5501 2915 5573; x_wconf 82' lang='lat' dir='ltr'><strong>cuique</strong></span> <span class='ocrx_word' id='word_1_808' title='bbox 2944 5503 3136 5571; x_wconf 84' lang='lat' dir='ltr'><strong>legenti</strong></span> <span class='ocrx_word' id='word_1_809' title='bbox 3179 5501 3400 5554; x_wconf 89' lang='lat' dir='ltr'><strong>omnino</strong></span> 
     </span>
    </p>
   </div>
   <div class='ocr_carea' id='block_1_116' title="bbox 1828 5580 2447 5634">
    <p class='ocr_par' dir='ltr' id='par_1_116' title="bbox 1828 5580 2447 5634">
     <span class='ocr_line' id='line_1_117' title="bbox 1828 5580 2447 5634; baseline -0.003 -2"><span class='ocrx_word' id='word_1_810' title='bbox 1828 5580 2123 5634; x_wconf 79' lang='lat' dir='ltr'><strong>desiderari</strong></span> <span class='ocrx_word' id='word_1_811' title='bbox 2157 5580 2447 5634; x_wconf 90' lang='lat' dir='ltr'><strong>videbitur.</strong></span> 
     </span>
    </p>
   </div>
   <div class='ocr_carea' id='block_1_117' title="bbox 1898 5640 3398 5721">
    <p class='ocr_par' dir='ltr' id='par_1_117' title="bbox 1898 5640 3398 5721">
     <span class='ocr_line' id='line_1_118' title="bbox 1898 5640 3398 5721; baseline -0.007 -18"><span class='ocrx_word' id='word_1_812' title='bbox 1898 5649 2009 5721; x_wconf 89' lang='grc'><strong>(18)</strong></span> <span class='ocrx_word' id='word_1_813' title='bbox 2046 5648 2319 5721; x_wconf 70' lang='lat' dir='ltr'><strong>Inferioris</strong></span> <span class='ocrx_word' id='word_1_814' title='bbox 2346 5645 2734 5721; x_wconf 70' lang='lat' dir='ltr'><strong>corpori_a._&#39;_l‘oﬁ</strong></span> <span class='ocrx_word' id='word_1_815' title='bbox 2781 5640 3032 5721; x_wconf 62' lang='grc' dir='ltr'>σῴματος</span> <span class='ocrx_word' id='word_1_816' title='bbox 3062 5641 3398 5721; x_wconf 49' lang='grc' dir='ltr'>τὰ“νέρτερα</span> 
     </span>
    </p>
   </div>
   <div class='ocr_carea' id='block_1_118' title="bbox 1825 5709 3395 5790">
    <p class='ocr_par' dir='ltr' id='par_1_118' title="bbox 1825 5709 3395 5790">
     <span class='ocr_line' id='line_1_119' title="bbox 1825 5709 3395 5790; baseline -0.007 -16"><span class='ocrx_word' id='word_1_817' title='bbox 1825 5709 2263 5790; x_wconf 72' lang='grc' dir='ltr'>περισπώμενον,</span> <span class='ocrx_word' id='word_1_818' title='bbox 2300 5734 2363 5772; x_wconf 80' lang='lat' dir='ltr'><strong>ex</strong></span> <span class='ocrx_word' id='word_1_819' title='bbox 2388 5709 2508 5772; x_wconf 85' lang='lat' dir='ltr'><strong>cod.</strong></span> <span class='ocrx_word' id='word_1_820' title='bbox 2528 5717 2665 5790; x_wconf 84' lang='lat' dir='ltr'><strong>Gall.</strong></span> <span class='ocrx_word' id='word_1_821' title='bbox 2690 5709 2883 5790; x_wconf 80' lang='lat' dir='ltr'><strong>qu_ae_iu</strong></span> <span class='ocrx_word' id='word_1_822' title='bbox 2916 5709 3395 5790; x_wconf 41' lang='lat' dir='ltr'><strong>codi_ce.uPat_torm.</strong></span> 
     </span>
    </p>
   </div>
   <div class='ocr_carea' id='block_1_119' title="bbox 1824 5781 3398 5853">
    <p class='ocr_par' dir='ltr' id='par_1_119' title="bbox 1824 5781 3398 5853">
     <span class='ocr_line' id='line_1_120' title="bbox 1824 5781 3398 5853; baseline -0.008 -9"><span class='ocrx_word' id='word_1_823' title='bbox 1824 5781 2024 5844; x_wconf 58' lang='lat' dir='ltr'><strong>ttttiissa</strong></span> <span class='ocrx_word' id='word_1_824' title='bbox 2075 5781 2307 5850; x_wconf 77' lang='lat' dir='ltr'><strong>fuerant,</strong></span> <span class='ocrx_word' id='word_1_825' title='bbox 2359 5799 2414 5841; x_wconf 88' lang='lat' dir='ltr'><strong>et</strong></span> <span class='ocrx_word' id='word_1_826' title='bbox 2460 5789 2673 5853; x_wconf 81' lang='lat' dir='ltr'><strong>quidem</strong></span> <span class='ocrx_word' id='word_1_827' title='bbox 2708 5781 2857 5836; x_wconf 48' lang='lat' dir='ltr'><strong>&#39;dolo</strong></span> <span class='ocrx_word' id='word_1_828' title='bbox 2889 5797 2991 5834; x_wconf 87' lang='lat' dir='ltr'><strong>non</strong></span> <span class='ocrx_word' id='word_1_829' title='bbox 3023 5781 3182 5837; x_wconf 82' lang='lat' dir='ltr'><strong>facile</strong></span> <span class='ocrx_word' id='word_1_830' title='bbox 3205 5782 3398 5849; x_wconf 83' lang='lat' dir='ltr'><strong>depre-</strong></span> 
     </span>
    </p>
   </div>
   <div class='ocr_carea' id='block_1_120' title="bbox 1827 5853 2992 5928">
    <p class='ocr_par' dir='ltr' id='par_1_120' title="bbox 1827 5853 2992 5928">
     <span class='ocr_line' id='line_1_121' title="bbox 1827 5853 2992 5928; baseline -0.011 -12"><span class='ocrx_word' id='word_1_831' title='bbox 1827 5861 2031 5925; x_wconf 84' lang='lat' dir='ltr'><strong>henso;</strong></span> <span class='ocrx_word' id='word_1_832' title='bbox 2061 5868 2168 5914; x_wconf 74' lang='lat' dir='ltr'><strong>stat</strong></span> <span class='ocrx_word' id='word_1_833' title='bbox 2198 5862 2391 5928; x_wconf 81' lang='lat' dir='ltr'><strong>quippe</strong></span> <span class='ocrx_word' id='word_1_834' title='bbox 2423 5859 2537 5913; x_wconf 84' lang='lat' dir='ltr'><strong>sine</strong></span> <span class='ocrx_word' id='word_1_835' title='bbox 2570 5859 2670 5910; x_wconf 91' lang='lat' dir='ltr'><strong>illis</strong></span> <span class='ocrx_word' id='word_1_836' title='bbox 2704 5853 2992 5910; x_wconf 81' lang='lat' dir='ltr'><strong>sententia.</strong></span> 
     </span>
    </p>
   </div>
  </div>
