4168 6456
682 394 791 461 923

1886 397 2372 458 THEOPHANIS
2410 398 2750 468 CERAMEI

3840 403 3945 466 924

683 508 1048 582 spectaculum
1075 518 1193 566 erat
1247 512 1429 567 videre
1453 512 1616 567 alium
1650 524 2020 568 accurrentem
2053 516 2117 569 ad
2150 530 2262 568 ma-

2382 516 2541 571 Ἀλλά
2576 516 2939 591 στρατιώτης,
2978 516 3206 583 ἐξάπινα
3226 515 3555 586 εἰσδραμὼν,
3575 518 3846 587 ἀφῃρεῖτο
3873 536 3950 587 τῳ

687 613 851 670 trem,
899 610 953 659 et
984 604 1316 660 balbutiente
1352 620 1481 659 voce
1502 620 1619 658 eam
1658 606 1943 659 identidem
2002 608 2264 661 invocan-

685 704 792 751 tem
819 711 834 749 :
861 696 956 751 sed
996 695 1148 749 miles
1173 697 1463 765 derepente
1487 696 1698 751 irruens
1723 698 2068 751 abscindean
2090 699 2266 767 gladio

694 798 878 859 caput,
914 788 1057 856 quod
1092 789 1279 857 utique
1306 788 1471 841 etiam
1503 789 1629 841 dum
1683 789 2013 859 loqueretur,
2046 793 2265 857 pulvere

690 882 1039 935 miscebatur.
1070 879 1135 934 Et
1169 895 1301 935 sane
1331 897 1396 935 eo
1433 897 1516 936 me
1568 882 1715 937 ducit
1748 886 1924 937 oratio
1956 893 2013 937 ut
2053 884 2263 950 Doetica

688 974 773 1025 illa
816 972 1016 1035 dicam,
1054 972 1283 1026 Omnem
1318 982 1529 1027 mtatem
1562 974 1673 1042 (l9)
1705 973 1989 1028 calamitas
2027 989 2089 1028 ea
2123 984 2263 1027 tern-

632 1050 633 1053 i
688 1075 898 1132 pestate
928 1063 1438 1134 comprehenderat,
1471 1077 1523 1117 et
1550 1064 1777 1134 Erynnis
1796 1066 2064 1131 quaedam,
2092 1066 2266 1133 qualis

682 1156 910 1210 excitari
939 1156 991 1210 in
1026 1156 1308 1224 tragtediis
1341 1157 1499 1220 solet,
1547 1154 1819 1211 Bethleem
1870 1158 2268 1212 circumcursa-

688 1246 801 1306 bat,
832 1255 889 1299 et
915 1246 1185 1305 intestinis
1217 1262 1337 1303 eam
1377 1246 1532 1300 bellis
1570 1247 1820 1301 versabat
1857 1256 1911 1301 et
1940 1248 2263 1318 ﬂagellabat.

688 1336 756 1392 Et
783 1338 968 1391 senior
1000 1352 1131 1391 sane
1158 1351 1297 1406 egre
1332 1335 1558 1403 ferebat,
1592 1339 1733 1407 quod
1765 1340 1832 1391 ad
1864 1355 1983 1393 cam
2018 1341 2265 1395 durasset

689 1438 927 1489 :etatem,
985 1440 1144 1492 atttte
1179 1428 1245 1481 ad
1278 1444 1372 1483 eas
1396 1441 1647 1484 servatus
1686 1438 1829 1484 esset
1878 1444 2171 1498 aerumnas,
2209 1442 2265 1487 et

691 1533 915 1573 mortem
944 1520 1226 1575 incusabat
1245 1532 1301 1575 ut
1332 1523 1575 1589 tardam;
1603 1534 1774 1576 mater
1798 1540 1925 1578 vero
1957 1525 2058 1577 boc
2080 1524 2257 1592 ipsum

686 1614 1141 1680 conquerehatur,
1178 1613 1316 1682 quod
1351 1623 1528 1677 esset;
1568 1622 1737 1669 mater
1796 1614 1981 1670 felices
2014 1616 2269 1674 diceban-

689 1711 777 1755 tur
836 1704 1073 1773 virgines
1104 1714 1157 1758 ιι
1186 1704 1395 1759 steriles
1428 1714 1482 1759 et
1507 1722 1625 1775 qua:
1659 1706 1887 1761 feminas
1910 1710 2265 1778 peperissent,

688 1804 740 1848 et
774 1810 890 1859 qua:
920 1795 1115 1849 liberos
1139 1797 1362 1849 omnino
1391 1812 1496 1851 non
1518 1799 1849 1865 genuissent.
1875 1799 1942 1854 Et
1973 1801 2066 1854 has
2101 1802 2263 1854 etiam

2374 608 2518 674 ξίφει
2562 611 2661 679 τὴν
2700 608 2977 677 κεφαλὴν·
3022 609 3398 678 φθεγγομένου
3445 609 3645 680 δι’ἀρα
3690 610 3847 662 τοῦδε
3891 611 3951 662 τὸ

2372 699 2519 767 κάρα
2547 699 2849 768 κατεμίχθη
2876 703 2943 769 τῇ
2976 700 3159 752 κόνει·
3185 700 3384 766 ἀγάγει
3412 701 3521 769 γάρ
3552 716 3619 769 με
3648 701 3674 752 ό
3700 700 3857 766 λόγος
3881 701 3949 752 τά

2371 791 2470 860 τῆς
2504 791 2776 859 ποιήσεως
2814 789 3185 859 φθέγξασθαι,
3221 793 3403 844 πᾶσαν
3431 791 3649 861 ἠλικίαν
3678 791 3740 844 τὸ
3774 792 3949 852 πάθος

2372 880 2493 932 τότε
2523 880 2823 939 κατέλαϐε,
2852 880 2946 933 καὶ
2974 881 3279 950 τραγῳδίας
3312 881 3558 951 Ἐριννὺς
3600 884 3665 951 τῇ
3700 880 3951 950 Βηθλεὲμ

2374 970 2721 1039 ἐπεκώμαζε,
2738 974 2850 1033 τοῖς
2874 970 3087 1023 οἴκοθεν
3109 971 3279 1041 αὐτὴν
3304 972 3561 1040 πολέμοις
3587 972 3948 1040 μαστίζονσα.

2374 1060 2486 1114 Καὶ
2521 1062 2829 1132 πρεσϐύτης
2869 1063 2967 1132 μὲν
3004 1063 3353 1135 ἐδυσχέραινε
3385 1065 3477 1116 τὸν
3510 1065 3723 1132 μακρὸν
3756 1064 3951 1135 χρόνον

2375 1154 2827 1222 καταιτιώμενος,
2850 1154 2924 1216 ὡς
2951 1154 3180 1207 πάθεσιν
3204 1155 3368 1207 αὐτοι
3391 1156 3503 1217 τοῖς
3530 1154 3765 1223 παροῦσι
3789 1171 3952 1224 τετηο

2379 1244 2618 1313 ρηκότα,
2656 1245 2749 1296 καὶ
2782 1242 2874 1297 τὸν
2909 1244 3138 1297 θάνατον
3172 1244 3247 1306 ὼς
3284 1244 3624 1313 βραδύναντά
3658 1244 3950 1313 κατεμέμ-

2376 1352 2505 1404 φετο
2529 1376 2543 1400 ,
2606 1338 2638 1406 ἠ
2668 1335 2725 1389 δὲ
2760 1336 3076 1405 μήτηρ,“ὅτι
3109 1338 3203 1391 καὶ
3234 1339 3423 1405 γέγονε
3456 1338 3641 1408 μήτηρ
3666 1338 3911 1405 ὠδύρετο
3931 1353 3948 1369 ο

2375 1428 2776 1497 ἐμακαρίζοντο
2802 1427 2859 1480 δὲ
2891 1426 3171 1498 παρθένοι,
3206 1430 3298 1481 καὶ
3329 1436 3562 1499 στεῖραι,
3599 1428 3693 1482 καὶ
3723 1427 3954 1498 θηλυτό-

2376 1536 2484 1584 κοι,
2521 1521 2613 1571 καὶ
2649 1520 2853 1587 ἄγονοι.
2892 1520 3043 1589 Τάχα
3075 1520 3132 1573 δὲ
3169 1522 3264 1574 καὶ
3299 1524 3421 1583 ταῖς
3455 1522 3735 1583 τοιαύταις
3771 1522 3955 1573 κοινὸν

2374 1606 2441 1679 ἦν
2470 1613 2527 1663 τὸ
2552 1615 2649 1681 τῆς
2680 1614 2986 1681 συμφοράς,
3013 1614 3072 1675 ἐξ
3099 1613 3397 1682 ἑταιρείας,
3423 1613 3456 1682 ἦ
3483 1613 3735 1681 αἵματος,
3761 1614 3795 1684 ἢ
3823 1614 3955 1681 τρὸο

2376 1721 2477 1756 που
2508 1705 2980 1773 ἀνακοινούμενον.
3016 1701 3171 1757 Εἶδον
3197 1706 3307 1773 ἐγὼ
3335 1706 3492 1758 τοέτο
3519 1705 3581 1757 τὸ
3613 1706 3782 1769 πάθος
3810 1705 3956 1775 χρώ-

2380 1814 2507 1865 ματι
2538 1797 2921 1865 γεγραμμένον
2945 1797 3004 1847 ὲν
3034 1796 3245 1857 πίνακι,
3277 1797 3370 1848 καὶ
3398 1796 3533 1866 πρὸς
3561 1792 3743 1847 οἶκτον
3772 1798 3956 1863 Exivi;-

689 1884 967 1937 calamitas
997 1885 1085 1938 illa
1115 1884 1347 1941 fortasse
1379 1890 1652 1958 tangebat,
1685 1899 1737 1943 et
1764 1890 1843 1943 vel
1883 1890 2157 1955 amicitiae,
2185 1892 2266 1946 vel

2382 1890 2500 1956 inv,
2542 1888 2634 1940 καὶ
2678 1888 2907 1957 δάκρυα.
2945 1888 3286 1957 Ἐγέγραπτο
3329 1889 3437 1957 γὰρ
3478 1890 3505 1940 ὀ
3555 1889 3656 1957 μὲν
3689 1892 3956 1956 τύραννος

691 1974 993 2041 sanguinis,
1028 1976 1109 2028 vel
1148 1994 1356 2031 morum
1385 1980 1769 2047 conjunctione
1799 1983 2105 2035 communis
2125 1995 2263 2035 erat.

696 2063 817 2117 Vidi
852 2079 952 2132 ego
979 2066 1115 2119 lianc
1140 2070 1339 2120 eandem
1368 2066 1639 2122 coloribus
1680 2069 1948 2137 depictam
1982 2071 2033 2124 in
2061 2072 2265 2137 tabula,

689 2164 746 2210 et
784 2156 851 2211 ad
890 2159 1309 2214 misericordiam
1377 2160 1755 2231 lacrymasque
1786 2174 2089 2218 commotus
2124 2182 2265 2219 sum.

695 2247 996 2319 Expressus
1053 2252 1196 2304 enim
1227 2252 1336 2306 illic
1378 2261 1497 2306 erat
1531 2253 1617 2307 ille
1646 2265 1908 2323 tyrannus
1940 2255 2182 2312 llcrodcs
2215 2261 2266 2311 in

691 2342 803 2401 alto
827 2344 1059 2412 quodam
1092 2345 1227 2399 solio
1249 2347 1480 2415 superbe
1504 2347 1815 2414 considens,
1844 2351 1954 2403 acri
2000 2366 2064 2405 ac
2092 2349 2269 2405 ferino

688 2433 969 2488 oculorum
1004 2435 1251 2505 conjectu
1308 2448 1361 2491 et
1392 2436 1635 2493 initiante
1664 2440 1833 2495 vultu.
1860 2440 2111 2496 Erectum
2145 2458 2271 2498 vero

693 2542 759 2581 ex
793 2526 988 2593 vagina
1022 2526 1259 2595 gladium
1283 2529 1501 2584 sinistra
1534 2533 1714 2600 quiete
1746 2534 2053 2599 retinebat;
2087 2538 2272 2591 dettc-

698 2636 813 2673 ram
845 2635 975 2674 vero
1010 2622 1340 2689 protendens
1371 2624 1633 2676 militibus
1669 2625 1935 2692 imperare
1967 2626 2270 2691 videbatur,

695 2718 754 2763 nt
796 2711 914 2764 sine
960 2710 1333 2764 misericordia
1386 2710 1673 2766 infantium
1726 2714 1887 2783 357
1940 2715 2275 2771 demeterent

690 2810 953 2871 segetem.
991 2802 1073 2856 Illi
1109 2817 1235 2857 vero
1262 2803 1557 2857 belluarum
1588 2820 1737 2860 more
1763 2806 2087 2880 insilientes,
2113 2809 2275 2863 mise-

693 2908 782 2946 ros
808 2908 1003 2961 pueros
1018 2894 1207 2948 diriter
1225 2895 1693 2951 contrucidabant.
1718 2897 2067 2953 Describcbat
2108 2900 2279 2955 etiam

696 2984 871 3053 pictor
915 2983 1156 3038 infelices
1186 2994 1385 3038 matres
1437 2986 1819 3042 miserabiliter
1851 2990 2271 3059 complorantes,

698 3086 753 3129 et
783 3076 1046 3146 sanguine
1075 3076 1347 3146 lacrymas
1377 3077 1788 3135 confundentes.
1820 3080 1886 3135 Et
1918 3083 2021 3136 alia
2057 3084 2273 3153 quidem

695 3168 1026 3223 dilacerabat
1060 3183 1262 3231 comas,
1298 3169 1401 3222 alia
1453 3168 1750 3226 dilaniabat
1784 3174 2053 3243 unguibus
2079 3191 2267 3244 genas,

699 3257 867 3311 altera
900 3258 1233 3314 discindebat
1266 3260 1505 3329 peplum,
1533 3269 1585 3315 et
1622 3263 1821 3317 nudato
1852 3272 2070 3330 Pectore
2101 3281 2273 3319 mam-

698 3365 838 3402 mam
872 3349 1107 3405 lactente
1125 3351 1444 3407 ostendebat
1471 3353 1716 3408 orbatam
1742 3369 1755 3417 ;
1789 3354 1892 3408 alia
1922 3369 2047 3409 vero
2073 3355 2277 3410 concisi

702 3440 910 3510 pueruli
943 3441 1182 3494 membra
1207 3441 1516 3513 colligebat,
1564 3454 1618 3497 et
1646 3444 1749 3498 alia
1794 3445 2057 3500 infantem
2089 3462 2277 3504 recens

698 3535 939 3589 occisum
984 3550 1149 3604 super
1204 3552 1376 3607 genua
1412 3546 1600 3592 tenens
1640 3554 1827 3594 amare
1876 3540 2172 3609 plorabat:
2222 3552 2278 3596 ct

707 3644 1022 3698 quanquam
1056 3645 1161 3684 non
1230 3641 1445 3700 poterat
1506 3633 1700 3688 artifex
1761 3633 1947 3689 indere
2005 3635 2281 3691 coloribus

699 3735 913 3787 vocem,
938 3721 1283 3777 lineamentis
1313 3733 1490 3778 tamen
1521 3725 1632 3794 (20)
1663 3726 1792 3793 ipsis
1820 3727 2060 3781 lamenta
2088 3728 2274 3797 signa-

703 3814 819 3868 bat.
845 3811 1144 3868 Videbatur
1176 3815 1319 3868 enim
1348 3815 1539 3870 mulier
1573 3816 1676 3871 hoc
1705 3817 1818 3873 fere
1843 3819 2000 3873 modo
2031 3820 2283 3874 ﬂebiliter

700 3904 1027 3959 lamentari:
1068 3903 1321 3959 Oinl'elix
1359 3920 1491 3974 puer
1519 3906 1836 3962 infelicioris
1865 3909 2076 3975 matris,
2134 3910 2285 3979 igno-

702 3994 868 4050 rabas
894 3992 1080 4065 igitur,
1106 4003 1159 4049 te
1187 3994 1365 4062 gladio
1406 4005 1572 4063 atque
1599 4000 1809 4051 acerbae
1830 4000 1987 4052 morti
2013 4000 2279 4070 progigni!

700 4102 736 4141 o
778 4097 967 4142 uterus
994 4086 1192 4141 frustra
1223 4087 1519 4143 fecundus!
1552 4105 1583 4142 ο
1634 4090 1844 4145 scilicet
1882 4093 2169 4147 invidenda
2201 4092 2283 4148 [ος

704 4174 989 4244 ουἰιιιῑιαε,
1024 4194 1145 4248 quae
1180 4181 1360 4249 gaudii
1395 4181 1706 4247 paululum,
1763 4182 2023 4238 molestia:
2076 4186 2288 4240 miserae

706 4270 838 4323 mihi
874 4269 1164 4338 plurimum
1204 4271 1431 4325 attulisti
1460 4271 1473 4324 !
1519 4288 1551 4325 ο
1582 4283 1764 4327 tenera
1796 4276 2062 4341 membra,
2093 4286 2145 4329 et
2184 4278 2287 4331 lin-

706 4377 813 4433 gua
837 4363 993 4418 dulce
1026 4363 1333 4419 bulbutiens
1365 4380 1379 4418 :
1415 4381 1556 4420 nunc
1588 4380 1716 4420 vero
1742 4366 1844 4419 lucu
1881 4368 1931 4419 in
1960 4378 2279 4436 perpetuum

706 4457 1125 4512 obmutescens!
1154 4472 1187 4511 ο
1216 4460 1434 4513 dextera
1464 4459 1670 4525 iniqua,
1701 4475 1820 4526 qua:
1842 4460 2019 4529 gladio
2052 4472 2285 4527 armata,

2372 1982 2579 2042 ἐκεῖνος
2618 1978 2865 2050 Ἡρώδης
2906 1981 2992 2048 ἐφ’
3023 1979 3227 2049 ὑψηλοῦ
3270 1996 3415 2041 τινος
3460 1978 3653 2050 θρόνου
3702 1979 3957 2048 σοϐαρῶς

2372 2071 2700 2140 ἐφεζόμενος
2721 2110 2737 2134 ,
2768 2070 2935 2141 δριμύ
2968 2088 3027 2124 τε
3086 2074 3181 2125 καὶ
3230 2070 3493 2142 θηριῶδες
3528 2070 3670 2138 ὁρῶν
3701 2069 3958 2139 κεχηνότι

2370 2165 2448 2235 τῷ
2494 2165 2786 2235 βλέμματι.
2822 2163 3013 2235 Ὀρθὸν
3049 2163 3121 2217 δὲ-
3154 2166 3361 2235 στήσας
3403 2166 3460 2217 ὲν
3496 2162 3671 2233 κολεῷ
3702 2164 3765 2215 τὸ
3806 2162 3956 2231 ξίφος

2370 2258 2468 2324 τὴν
2494 2257 2649 2309 λαιάν
2680 2258 2766 2309 ἐπ’
2787 2256 2937 2325 αὐτῷ
2965 2257 3284 2320 διανέπαυε,
3308 2258 3406 2325 τὴν
3427 2256 3605 2319 δεξιὰν
3621 2257 3956 2324 προτείνων,

2371 2348 2682 2402 ἐπιτάττειν
2714 2348 2874 2418 ἐῴκει
2900 2351 3009 2411 τοῖς
3045 2347 3430 2419 στρατιώταις,
3463 2348 3708 2417 ἀνηλεῶς
3740 2347 3960 2417 θερίσαι

2372 2441 2482 2493 τῶν
2516 2442 2729 2512 νηπίων
2761 2444 2860 2510 τὴν
2895 2442 3157 2511 ἄρουραν.
3197 2441 3263 2495 Οί
3303 2441 3360 2494 δὲ
3402 2438 3795 2508 θηριοπρεπῶς
3838 2440 3960 2490 εει-ιι⁹

2375 2532 2737 2602 θρώσκοντες,
2782 2534 3023 2604 ἀνηλεῶς
3048 2540 3117 2587 τὰ
3134 2533 3343 2586 δείλαια
3367 2550 3495 2584 κατε
3506 2530 3963 2600 μὲλιζον.Ἔγρα-

2374 2628 2474 2696 ψεν
2493 2628 2521 2679 ό
2547 2627 2832 2695 ζωγράφος
2855 2628 2951 2679 καὶ
2971 2626 3069 2689 τὰς
3094 2627 3286 2688 ἀθλίας
3314 2625 3555 2694 μητέρας
3575 2622 3793 2691 οἰκτρὸν
3818 2638 3964 2673 συνι-

2378 2718 2589 2779 στώσας
2617 2718 2837 2787 θρῆνον,
2864 2718 2957 2770 καὶ
2980 2720 3092 2780 τοῖς
3116 2718 3314 2787 αἵμασι
3338 2718 3506 2785 κιρνώ
3518 2732 3611 2777 σας
3632 2714 3700 2766 τά
3722 2713 3958 2782 δάκρυα.

2377 2814 2485 2868 Καὶ
2514 2814 2545 2883 ἡ
2581 2814 2680 2881 μὲν
2709 2813 2883 2864 ἔτιλλε
2914 2811 3009 2874 τὰς
3044 2813 3239 2880 κόμας,
3267 2813 3300 2881 ἡ
3328 2810 3383 2862 δὲ
3415 2814 3530 2871 ταῖς
3560 2808 3708 2871 ὄνυξι
3738 2807 3838 2869 τὰς
3868 2822 3964 2858 πα·

2382 2907 2533 2973 ρειάς
2564 2905 2950 2973 περιέδρυφεν.
2975 2902 3143 2971 Ἀλλη
3171 2902 3461 2972 διέρρησσε
3489 2900 3578 2952 τὸν
3610 2898 3838 2960 πέπλον,
3870 2895 3963 2949 καί⁵

2376 3000 2444 3051 τά
2478 2997 2673 3066 στέρνα
2710 2994 3144 3064 παραγυεινοῦσα
3173 2994 3262 3045 τὸν
3296 2992 3503 3061 μαστὸν
3532 2990 3825 3043 ύπεδείκνυ
3863 3005 3961 3039 κα-

2376 3089 2739 3155 ταλειφθέντα
2774 3086 2865 3139 τοῦ
2912 3084 3235 3154 θηλάζοντος
3277 3084 3501 3152 ἔρημον.
3536 3082 3732 3151 Ἐτέρα
3778 3081 3837 3133 δὲ
3870 3078 3961 3130 τοῦ

2380 3179 2781 3239 κατακοπέντος
2805 3177 3018 3228 παιδίου
3036 3177 3103 3227 τά
3123 3176 3496 3244 διεσπαρμένα
3520 3172 3657 3241 μέλη
3682 3170 3962 3236 συνέλεγε.

2379 3274 2490 3325 Καὶ
2518 3272 2649 3340 ἅζ-,λη
2676 3270 2972 3335 νεοαςιαγὲς
2993 3272 3107 3330 τοῖς
3131 3269 3324 3335 γόνασι
3351 3264 3630 3335 κρατοῦσα
3656 3266 3715 3315 τὸ
3740 3266 3961 3332 νήπιον,

2381 3362 2591 3432 πικρῶς
2616 3360 2950 3429 ὠλοφύρετο.
2989 3362 3097 3411 Καὶ
3130 3359 3318 3425 ἐπειδὴ
3359 3356 3434 3426 μὴ
3469 3352 3615 3425 εἶχεν
3648 3359 3675 3408 ὁ
3709 3357 3965 3424 τεχνίτης

2380 3455 2563 3525 φωνὴν
2588 3454 2824 3506 ἐνθεῖναι
2845 3456 2954 3515 τοῖς
2980 3451 3286 3521 χρώμασιν,
3315 3451 3556 3519 ἐσήμανε
3582 3448 3705 3507 τοὺς
3733 3448 3963 3515 θρήνους

2378 3551 2491 3609 τοῖς
2526 3546 2871 3615 γράμμασιν.
2908 3545 3113 3596 Ἐδόκει
3150 3545 3259 3610 γὰρ
3298 3540 3690 3611 ἐπιτραγῳδεῖν
3726 3533 3834 3591 ὧδὲ
3876 3556 3966 3590 ποι

2379 3638 2440 3691 τὸ
2468 3636 2708 3705 γύναιον.
2730 3632 2801 3686 Ὦ
2834 3634 3045 3687 παιδίον
3073 3630 3330 3709 δυστυχὲς
3362 3630 3701 3697 ἀθλιωτέρας
3735 3627 3966 3697 μητρὸς,

2381 3728 2672 3788 ἐλάνθανες
2704 3725 2812 3796 ἀρα
2848 3725 2988 3791 ξίφει
3035 3724 3131 3777 καὶ
3162 3722 3381 3791 θανάτῳ
3414 3721 3581 3790 ἀώρῳ
3611 3720 3963 3786 τικτόμενονέ

2388 3822 2451 3872 ’Ὠ
2476 3819 2573 3888 τῆς
2602 3818 2777 3887 μάτην
2800 3816 3027 3885 γονίμου
3051 3813 3317 3884 γαστρόςῑ
3343 3812 3387 3864 ὦ
3410 3811 3655 3881 ζηλωτῆς
3683 3810 3969 3873 εὐτεκνίας

2385 3910 2470 3962 ἐπ’
2496 3908 2674 3975 ὀλίγον
2719 3907 2818 3977 μὲν
2856 3904 3232 3974 εύφρανάσης,
3273 3904 3367 3954 ἐπὶ
3410 3902 3570 3953 πλέον
3612 3902 3667 3952 δὲ
3708 3900 3969 3967 ἀνιούσης

2385 4002 2482 4072 τὴν
2522 4000 2757 4053 δειλαίαν
2804 3998 2938 4067 ἑμέῑ
2978 3994 3023 4049 ὣ
3068 3996 3247 4065 μελῶν
3292 3994 3546 4061 ἁπαλῶν,
3583 3993 3677 4045 καὶ
3720 3992 3967 4059 γλώττης

2386 4089 2741 4161 ψελλιζούσης
2776 4088 2893 4156 ἡδὺ,
2923 4088 3016 4139 νῦν
3044 4086 3101 4138 δὲ
3131 4085 3233 4154 φεῦ
3267 4086 3574 4155 σιγησάσης
3609 4083 3851 4152 ἐσχάτην
3886 4101 3968 4133 σι-

2388 4182 2519 4253 γὴνί
2549 4180 2593 4233 ὣ
2618 4182 2795 4246 δεξιᾶς
2823 4178 3007 4231 ἀδίκου
3035 4178 3319 4248 ξιφήρους,
3347 4178 3427 4231 ὅτι
3458 4178 3533 4247 μὴ
3560 4176 3666 4245 πρὸ
3693 4175 3812 4239 σού,
3839 4192 3970 4227 παι-

2388 4278 2536 4341 δίον,
2580 4275 2680 4343 τὴν
2722 4271 2988 4324 τεκοῦσαν
3032 4268 3386 4322 ἀπέκτεινενί
3414 4268 3615 4337 Ἐγρεο
3661 4267 3972 4334 σπλάγχνον

2391 4368 2553 4437 ἐμὸν,
2591 4362 2912 4426 ἀποτίναξον
2948 4361 3036 4414 τὸν
3073 4360 3242 4431 βαρὺν
3275 4360 3465 4413 τοῦτον
3499 4360 3694 4420 ὕπνον,
3732 4359 3790 4410 δν
3826 4374 3912 4409 σοι
3947 4359 3975 4408 ό

2393 4458 2607 4529 ἀπηνὴς
2661 4454 3041 4525 στρατηλάτης
3091 4441 3372 4522 ἐνέθηκεν.
3412 4451 3804 4529 ’Υφαπλώθητι
3856 4453 3975 4510 ταῖς

708 4564 828 4617 quae
867 4564 973 4604 non
1007 4558 1136 4604 ante
1165 4558 1393 4605 matrem
1453 4523 1616 4620 quam
1652 4523 1733 4616 te,
1750 4523 1944 4621 puelle,
1977 4523 2276 4608 interemitl

2395 4523 2671 4618 ἀγκάλαις
2714 4523 2811 4615 τῆς
2868 4547 2965 4614 σῆς
3020 4544 3212 4605 ἀθλίας
3264 4543 3494 4613 μητρός.
3535 4523 3837 4594 Ἐπιλαϐοὖ
3884 4540 3975 4593 τοῦ

710 4641 1130 4713 Expergiscere,
1177 4643 1275 4707 fili,
1307 4644 1516 4698 viscera
1549 4660 1690 4711 mea,
1736 4654 1932 4701 excute
1964 4648 2287 4716 profundum

711 4736 856 4791 hunc
913 4748 1165 4789 somnum
1205 4749 1366 4803 quem
1405 4734 1505 4789 tibi
1535 4735 1756 4790 immitis
1786 4736 2004 4792 satelles
2035 4738 2279 4801 immisit;

714 4824 929 4893 conjice
980 4832 1033 4877 te
1072 4822 1126 4877 in
1177 4823 1333 4878 ulnas
1390 4824 1604 4879 miserae
1653 4826 1976 4893 genetricis;
2014 4826 2287 4895 prehende

718 4929 1011 4969 mammam
1034 4913 1163 4967 olim
1198 4913 1291 4968 tibi
1323 4912 1594 4983 cupitam;
1629 4917 1870 4971 suaviter
1894 4917 2076 4981 matri,
2128 4933 2191 4971 ac
2223 4920 2290 4973 de

717 5023 868 5062 more
897 5006 1137 5063 subride.
1177 5006 1284 5061 Sed
1331 5020 1437 5061 non
1473 5006 1529 5061 id
1557 5009 1823 5077 permittit
1852 5009 2137 5077 imperium
2172 5010 2296 5065 cru-

717 5098 837 5160 dele
874 5100 1113 5170 tyranni.
1165 5096 1291 5153 Haec
1322 5098 1466 5169 loqui
1512 5099 1806 5156 verisimile
1838 5111 1977 5169 erat,
2019 5110 2072 5156 et
2105 5100 2291 5157 forsan

2401 4640 2533 4712 πρίν
2558 4656 2638 4692 σοι
2665 4638 3002 4707 ποθουμένου
3034 4634 3229 4704 μοιζοῦ.
3257 4633 3553 4697 Ἑπίδειξον
3576 4633 3635 4684 τὸ
3661 4633 3835 4700 γλυκὺ
3886 4634 3975 4683 καἴ

2390 4732 2622 4801 σύνηθες
2654 4730 2829 4781 ἐκεῖνο
2859 4728 3147 4797 μειδίαμα.
3180 4726 3321 4779 Ἀλλ’
3345 4727 3445 4778 οὐκ
3472 4726 3653 4794 ἀφῆκε
3680 4726 3741 4777 τὸ
3772 4723 3977 4789 ἀπηνὲς

2391 4832 2486 4886 τοῦ
2525 4828 2791 4899 τυράννου
2830 4826 3131 4895 ἐπίταγμα.
3166 4823 3401 4876 Τοιαῦτα
3441 4822 3622 4889 λέγειν
3658 4819 3846 4890 ἐῴκει,
3888 4824 3976 4871 καὶ

2401 4925 2646 4990 συνεῖρεν
2688 4919 2818 4980 ίσως
2853 4918 2922 4970 τὰ
2955 4917 3056 4986 τῆς
3095 4914 3317 4985 Νιόϐης,
3361 4914 3456 4965 ml.
3494 4914 3592 4983 τῆς
3628 4912 3978 4973 ’Δλκίστεως

2401 5012 2595 5081 Μάτην
2627 5009 2735 5079 ἄρα
2770 5022 2829 5058 σε
2863 5007 3051 5059 τέκνον
3085 5004 3429 5075 ἐθρεψάμην,
3469 5004 3648 5072 μάτην
3684 5002 3979 5072 ἐμόχθουν,

2406 5104 2499 5157 καὶ
2541 5098 2876 5167 κατεξάνθην
2921 5098 3119 5161 πόνοις.
3163 5096 3319 5166 Ζηλῶ
3362 5095 3407 5147 δ’
3428 5096 3677 5164 ἀγάμους
3716 5097 3981 5161 γυναῖκα,

1952 5263 2273 5326 Francisci
2302 5265 2515 5329 Scorsi
2544 5267 2733 5325 notae.

794 5395 1172 5472 (lilLOmnem
1228 5409 1454 5472 aetatem.
1512 5398 1611 5458 llic
1671 5401 1883 5472 poetico
1928 5402 2031 5454 ritu
2062 5402 2203 5471 loqui
2245 5417 2303 5457 se

724 5470 861 5523 velle
882 5465 1239 5535 Theophanes
1272 5469 1367 5522 ait.
1400 5469 1614 5525 Nullum
1666 5465 1842 5525 tamen
1883 5472 2062 5524 innuit
2090 5465 2298 5525 certum

724 5552 896 5608 poene
949 5537 1148 5602 locum,
1203 5554 1267 5592 ex
1290 5554 1397 5605 quo
1426 5543 1661 5609 tragicos
1708 5541 1827 5596 illos
1858 5541 2045 5595 modos
2099 5544 2162 5595 ad
2190 5558 2300 5596 rem

723 5624 881 5664 suam
943 5610 1344 5673 transduxerit;
1380 5625 1553 5679 neque
1589 5626 1720 5665 vero
1744 5625 1843 5677 ego
1876 5612 2105 5664 similem
2141 5611 2291 5665 illum

727 5689 989 5750 hactenus
1057 5679 1258 5750 reperi,
1300 5679 1443 5735 unde
1500 5696 1564 5734 ex
1628 5683 1844 5749 ingenio
1890 5696 1989 5735 suo
2019 5684 2301 5750 partcailla

727 5748 1024 5820 componit.
1087 5746 1227 5820 Infra
1252 5751 1468 5815 quidem
1525 5746 1847 5805 Alcestidetn
1884 5761 1936 5803 et
1970 5746 2177 5805 Nioben
2210 5767 2303 5820 ap-

730 5818 911 5888 pc'lat.
940 5818 1005 5873 de
1029 5818 1226 5886 quibus
1261 5820 1503 5876 dicemus
1533 5836 1629 5876 suo
1659 5820 1791 5877 loco.

2472 5404 2587 5474 (20)
2615 5400 2969 5474 Lineamentis
3003 5406 3196 5474 tamen.
3237 5391 3349 5474 Ὀιιί
3387 5405 3494 5444 non
3544 5391 3722 5474 videat
3760 5393 3985 5474 praecisa

2398 5464 2580 5547 fuisse:
2623 5474 2746 5547 h:e_c_
2796 5470 3042 5541 ὲσήμανε
3078 5468 3202 5527 τοὺς
3232 5464 3470 5547 θρήνους
3526 5465 3641 5547 τοῖς
3685 5464 3984 5547 γράμμασι

2400 5542 2838 5614 quandoquidem
2883 5530 3402 5614 'prmcesserat'gtoal
3456 5531 3645 5614 ἐπειδὴ
3707 5530 3983 5614 μιτέῐχεν

2401 5601 2435 5668 ό
2480 5601 2729 5681 τεχνίτης
2781 5601 2967 5681 φωνὴν
2991 5601 3543 5681 ἐνθεῖναιηιείιιιιξιεα
3582 5601 3829 5681 lucratus
3866 5618 3982 5655 sum

2400 5698 2467 5737 ex
2490 5672 2658 5735 altero
2686 5672 2896 5741 codice,
2923 5672 3246 5744 semperque
3270 5674 3319 5725 in
3346 5687 3411 5725 eo
3440 5672 3646 5744 tlrmavi
3670 5676 3982 5740 Opinionem

2404 5769 2579 5806 meum
2617 5752 2778 5805 etiam
2819 5751 2924 5815 illa,
2958 5762 3077 5821 qua;
3109 5745 3356 5821 videntur
3378 5743 3572 5821 omitti.
3605 5744 3986 5809 potuissent)»

2401 5823 2570 5879 fuisse
2603 5822 2669 5876 ab
2700 5813 2943 5888 auctore,
2976 5813 3072 5873 scd
3107 5831 3136 5869 a
3164 5813 3428 5883 scriptore
3469 5813 3692 5866 omissa.
