4168 6456
172 390 277 458 933
1631 380 1963 443 HOMiLlA
2006 382 2173 444 LIII.
3342 391 3446 456 93.1.

167 503 323 563 ὅντα,
361 501 437 562 ὡς
464 499 531 553 ὲκ
555 498 665 551 τῶν
702 500 848 553 ἰδίων
887 500 1069 571 μερῶν
1103 497 1626 571 συμπληρούμενον,
1650 494 1740 563 τὴν

1863 493 2056 558 Deum,
2089 506 2140 549 et
2186 491 2483 563 perfectum
2532 511 2687 568 aeque
2730 496 3005 556 hominem
3056 500 3438 563 exsiStentem;

167 596 454 666 ἀναφορὰν
483 595 627 664 ἔχειν
653 596 732 657 είς
764 594 854 647 τὸν
890 594 1018 648 Υἱδν
1044 594 1140 648 τοῦ
1184 592 1346 657 Θεοῦ,
1380 591 1516 643 Θεὸν
1549 589 1740 642 τέλειοι

1863 598 1917 640 ct
1946 586 2109 640 siculi
2146 602 2407 643 numerus
2446 588 2533 643 hic
2564 590 2652 644 ubi
2708 592 2760 645 in
2804 606 2933 647 suas
2966 594 3214 664 proprias
3245 594 3448 648 resolu-

166 689 321 752 ὄντα,
366 686 462 739 καὶ
502 687 709 739 τέλειον
762 686 1072 756 ἄνθρωπον.
1128 687 1241 740 Καὶ
1280 684 1475 754 ὥσπερ
1524 674 1681 743 οὗτος
1731 697 1740 728 t

1865 684 1950 731 tus
1982 685 2067 731 est
2104 688 2308 747 partes,
2346 682 2664 750 compositis
2707 699 2905 739 rursus
2949 686 3076 755 illis,
3106 689 3158 741 in
3202 688 3442 757 seipsum

166 777 405 847 ἀριθμὸς
445 780 523 841 εἰς
560 780 629 830 τὰ
665 778 773 831 [δια
799 779 939 850 μέρη
970 779 1360 847 ἀναλυόμενος,
1389 776 1740 829 συντεθέντωι

1865 769 1931 820 de
1971 769 2185 839 integro
2220 771 2360 825 redit
2393 781 2553 840 atque
2582 777 2854 843 consistit;
2905 778 2982 833 sic
3007 781 3316 845 uuigeuitus
3353 780 3444 834 Dei

167 869 326 933 αὖθις
372 869 483 921 τῶν
504 867 709 935 μερῶν,
739 869 815 931 είς
850 869 1045 922 ἑαυτὸν
1077 869 1242 922 πάλιν
1268 866 1705 920 ἀποκαθίσταται
1737 882 1740 895 ε

1861 860 2030 915 Filius
2060 877 2185 916 cum
2221 876 2278 916 se
2324 863 2661 919 exinanisset
2704 878 2757 921 et
2815 869 3051 923 formam
3113 872 3254 925 servi
3302 887 3451 925 sum-

168 962 344 1024 οὓτως
360 964 389 1014 ὁ
422 962 519 1014 τοῦ
550 959 688 1012 Θεοῦ
709 961 1005 1031 μονογενὴς,
1025 959 1177 1023 Υἱὸς,
1203 959 1484 1021 κενωθεὶς,
1518 959 1614 1009 καὶ
1634 952 1740 1009 δού-

1860 956 2059 1019 psisset
2085 952 2153 1018 ⁸⁵,
2190 963 2246 1008 et
2270 955 2437 1009 veluti
2470 955 2833 1012 imminuisset
2864 960 2914 1013 in
2943 974 3095 1015 suam
3129 961 3296 1029 ipsius
3328 979 3449 1031 per-

170 1064 264 1105 λου
298 1051 516 1124 μορφὴν
542 1045 759 1117 λαϐὼν,’
783 1051 878 1103 καὶ
907 1049 1073 1103 οἱονεί⁵
1124 1048 1477 1119 σμικρυνθεὶς
1532 1047 1613 1109 είς
1654 1044 1740 1115 τὴν

1860 1042 2154 1099 fectionem
2206 1046 2669 1117 dignitatemque,
2747 1065 2937 1105 rursus
2985 1054 3294 1122 completus
3338 1067 3445 1120 est,

167 1144 366 1197 ἑαυτοῦ
412 1144 749 1215 τελειότηται
789 1143 885 1198 καὶ
924 1142 1103 1209 ἀξίαν,
1156 1143 1317 1197 πάλιν
1347 1138 1734 1211 ἀνεπληρώθη,

1862 1137 2074 1193 nullum
2106 1153 2344 1209 unquam
2388 1154 2582 1207 passus
2629 1139 2982 1208 petfemionis
3038 1146 3444 1201 detrimentum.

165 1238 430 1289 οὐδέποτε
480 1236 575 1289 τοῦ
605 1237 815 1299 τέλειος
854 1232 997 1290 εἶναι
1021 1236 1343 1305 ζημιωθείς.

248 1326 313 1381 Ὃ
342 1328 403 1381 δὲ
434 1330 702 1399 ἡμέτερος
735 1328 893 1396 λόγος
937 1330 1299 1392 νεανιεύεται,
1340 1326 1433 1380 καὶ
1471 1324 1630 1379 τοῦτο
1663 1324 1740 1396 ζη·

1932 1345 2130 1400 Verum
2184 1346 2275 1401 hic
2327 1348 2505 1401 oratio
2555 1357 2739 1402 nostra
2790 1348 3120 1418 iuvenescit,
3166 1359 3222 1405 et
3283 1352 3447 1407 audet

162 1424 269 1476 τεῖ.
325 1422 439 1492 Τῆς
488 1422 901 1493 ἀρχαγγελικῆς
946 1420 1151 1486 τάξεως
1187 1422 1405 1491 πρῶτον
1459 1418 1619 1488 ἴσμεν
1658 1420 1740 1472 τὸν

1853 1440 2019 1494 etiam
2053 1438 2180 1492 illud
2216 1438 2515 1507 inquirere.
2557 1438 2692 1492 Cum
2747 1441 3197 1511 art-hangelorum
3233 1443 3442 1497 ordinis

164 1515 415 1584 Μιχαὴλ,
444 1516 519 1578 ὡς
548 1518 582 1586 ἡ
604 1515 698 1567 τοῦ
716 1514 918 1585 Δανιὴλ
947 1517 1094 1585 ἡμᾶς
1120 1514 1430 1586 προφητεία
1461 1529 1740 1582 μυσταγω-

1854 1528 2153 1597 prineipem
2209 1530 2446 1584 sciamus
2494 1543 2617 1584 esse
2671 1527 2985 1585 Michaelem
3016 1573 3029 1595 ,
3080 1533 3153 1586 uti
3205 1531 3446 1587 Danieiis

164 1610 274 1673 γεῖ,
310 1601 470 1669 οὗτος
501 1608 557 1659 δὲ
595 1606 689 1659 καὶ
718 1604 813 1659 τοῦ
852 1606 1151 1661 Ἰουδαϊκοῦ
1191 1605 1322 1659 λαοῦ
1371 1607 1470 1677 τὴν
1502 1605 1740 1675 φυλακὴν

1853 1618 2138 1687 pr0phetia
2173 1634 2272 1674 nos
2318 1620 2493 1682 docet,
2525 1621 2834 1690 eidemque,
2878 1630 2936 1675 ut
2981 1636 3134 1677 sacra
3172 1632 3443 1678 testantur

163 1699 553 1759 ἐπεπίστευτο,
574 1698 644 1750 τὰ
672 1701 795 1771 ίερὰ
823 1699 982 1768 λόγια
1011 1698 1107 1752 καὶ
1129 1696 1288 1750 τοῦτό
1316 1715 1449 1767 φασι
1476 1715 1490 1729 ·
1522 1694 1740 1768 πῶςούν

1853 1708 2079 1779 Eloquia
2114 1711 2182 1778 ",
2211 1709 2426 1766 Judaici
2452 1713 2631 1779 populi
2655 1714 2919 1781 permissa
2948 1717 3193 1769 custodia
3219 1717 3310 1780 sit,
3334 1734 3439 1783 qua

160 1792 262 1843 οὐκ
289 1790 455 1852 αὐτὸς
491 1792 693 1861 μᾶλλον
734 1792 1010 1861 ὑπουργὸς
1038 1791 1133 1845 τοῦ
1170 1794 1475 1865 μυστηρίου
1505 1793 1740 1862 γίνεται,

1855 1803 2064 1856 ratione
2095 1819 2202 1857 non
2241 1802 2357 1871 ipse
2412 1804 2589 1871 potius
2630 1807 2872 1874 mysterii
2932 1806 3181 1861 minister
3211 1808 3441 1872 exstitit,

164 1883 283 1934 ἀλλ’
311 1884 340 1935 6
364 1884 605 1956 Γαϐριὴλ
628 1888 728 1955 τὴν
761 1886 1045 1955 Παρθένον
1087 1890 1479 1957 μυσταγωγεῖ;
1529 1888 1748 1958 Ἐπειδὴ

165 1978 309 2027 κατὰ
359 1976 459 2048 τὴν
514 1980 741 2048 πρώτην
803 1979 1018 2047 γένεσιν
1063 1980 1290 2050 δευτέρα
1350 1980 1603 2051 παρήχθη
1656 1980 1747 2034 τοῦ

163 2065 360 2135 ἀνδρὸς
388 2069 421 2136 ἡ
456 2068 618 2137 γυνὴ,
650 2068 740 2121 διὰ
778 2068 939 2123 τοῦτο
962 2070 1072 2123 τῶν
1105 2072 1467 2141 ἀρχαγγιλων
1502 2074 1530 2123 ό
1558 2072 1744 2125 δεύτε-

167 2174 258 2226 ρος
284 2158 424 2228 πρὸς
448 2158 511 2211 τὸ
550 2159 804 2231 δ;ύτερον
838 2163 1016 2230 γένος,
1036 2161 1112 2225 ὡς
1141 2164 1309 2229 εἰκὸς,
1334 2162 1747 2230 ἀποστέλλεται,

162 2250 431 2321 δευτέραν
452 2250 548 2305 τοῦ
577 2252 787 2322 κόσμου
825 2254 1048 2323 μηνύων
1069 2255 1375 2311 διάστασιν.
1413 2259 1527 2314 Καὶ
1553 2259 1748 2331 ἐπειδὴ

162 2342 221 2395 τὸ
252 2343 353 2396 τοῦ
381 2344 621 2415 Γαϐριὴλ
655 2346 828 2417 ὄνομα
860 2348 1118 2419 δύναμις
1171 2351 1318 2405 Θεοῦ
1362 2354 1747 2423 ἑρμηνεύεται,

163 2436 364 2503 ἔμελλε
393 2434 452 2487 δὲ
479 2436 819 2506 σαρκοῦσθαι
846 2441 875 2492 ό
905 2440 1034 2504 Υἱὸς
1059 2441 1155 2494 τοῦ
1182 2441 1342 2507 Θεοῦ,
1374 2444 1434 2507 ὃς
1467 2445 1748 2499 ὲστιΘεοῦ

166 2526 337 2592 σοφία
362 2526 458 2580 καὶ
479 2526 712 2599 δύναμις
741 2546 756 2561 ο
787 2532 1017 2595 εἰκότως
1056 2526 1211 2596 οὗτος
1238 2535 1656 2604 εὐαγγελίζεται
1689 2540 1749 2592 τὸ

164 2620 494 2689 μυστήριον.
520 2622 621 2673 Διὰ
649 2624 702 2673 τί
729 2623 783 2676 δὲ
809 2625 885 2695 μὴ
910 2626 1046 2695 πρὸς
1072 2627 1164 2680 τὸν
1196 2631 1485 2700 μνηστῆρα
1520 2629 1745 2701 Ἰωσὴφ,

161 2710 301 2762 ἀλλά
332 2711 472 2781 πρὸς
490 2712 590 2783 τὴν
624 2713 899 2785 Παρθένον
927 2719 955 2769 6
976 2716 1210 2786 ἄγγελος
1236 2722 1545 2790 πέμπεται;
1566 2724 1745 2789 Ἐπεὶ,

164 2803 246 2856 ὅτι
322 2804 463 2874 ᾔδει,
525 2805 680 2858 οὐδὲν
726 2809 908 2862 κοινὸν
947 2809 1028 2879 τῷ
1075 2810 1277 2883 Ἰωσὴψ
1325 2813 1463 2882 πρὸς
1509 2814 1608 2885 τὴν
1651 2814 1747 2869 τοῦ

167 2896 373 2966 Κυρίου
409 2897 692 2966 γέννησιν,
734 2900 840 2954 κᾶν
872 2901 955 2953 ὅτι
985 2903 1222 2972 μάλιστα
1256 2905 1431 2973 φύλαξ
1471 2910 1569 2976 τῆς
1600 2910 1747 2979 Παρ-

164 2986 320 3039 θένου
369 2989 467 3040 καί
498 2989 766 3062 κηδεστὴς
798 2994 1197 3065 ἐχρημάτισεν.
1240 2998 1381 3050 Ἀλλ’
1415 3001 1611 3071 ἐπειδὴ
1642 3003 1743 3072 ἀρ-

162 3078 330 3147 χῆθεν
370 3080 461 3133 διὰ
508 3084 769 3149 γυναικὸς
814 3087 1038 3153 γέγονεν
1087 3090 1120 3159 ἡ
1167 3091 1266 3160 τῆς
1314 3092 1594 3163 ἁμαρτίας
1641 3112 1746 3147 πα-

1856 1897 1950 1951 sed
1986 1895 2210 1951 Gabriel
2250 1895 2318 1950 de
2346 1895 2565 1951 arcanis
2606 1895 2881 1966 Virginem
2915 1900 3141 1954 edocet?
3174 1900 3443 1967 Quoniam

1856 1988 1909 2042 in
1942 1988 2115 2057 prima
2153 1986 2340 2041 mundi
2370 1989 2646 2043 creatione.
2694 1996 2931 2044 secunda
2978 2003 3100 2060 post
3146 1994 3323 2047 virum
3358 2010 3444 2048 se-

1853 2082 2011 2135 ducta
2045 2079 2243 2134 mulier
2275 2089 2378 2145 est,
2414 2080 2536 2135 ideo
2564 2084 2837 2137 svcundus
2883 2084 3335 2154 archangelornm
3374 2087 3441 2140 ad

1853 2176 2154 2229 secundum
2178 2191 2390 2240 sexum,
2419 2186 2477 2230 ut
2498 2192 2595 2242 par
2616 2186 2698 2231 est
2728 2177 2991 2242 mittitur,
3022 2179 3110 2247 qui
3149 2180 3442 2233 secundani

1852 2270 2065 2323 nuntiet
2085 2270 2265 2323 mundi
2288 2270 2680 2325 conditionem.
2697 2270 2762 2325 Et
2778 2274 3035 2342 quoniam
3052 2272 3322 2328 Gabrielis
3347 2290 3445 2329 no-

1854 2378 1972 2416 men
1990 2363 2102 2432 (55)
2129 2363 2226 2418 Dei
2250 2364 2616 2431 fortitudinem
2642 2365 3083 2433 interpretamur.
3103 2378 3157 2420 et
3198 2367 3439 2421 futurum

1846 2458 1957 2527 jam
1980 2468 2117 2523 erat,
2146 2466 2205 2510 ut
2237 2472 2459 2511 carnem
2494 2467 2736 2512 sumeret
2764 2456 2857 2513 Dei
2888 2458 3077 2524 Filius,
3107 2461 3197 2531 qui
3230 2472 3313 2515 est
3344 2460 3437 2517 Dei

1850 2552 2022 2604 virtus
2050 2566 2113 2605 ac
2136 2550 2400 2618 sapientia
2422 2549 2492 2615 ⁸⁸,
2517 2564 2884 2622 congruenter
2912 2569 3045 2610 sane
3076 2555 3163 2610 ille
3188 2557 3435 2626 mysterii

1852 2642 2077 2695 nuntius
2103 2654 2205 2695 est.
2235 2642 2374 2709 Quid
2406 2658 2531 2696 vero
2565 2652 2669 2706 est,
2708 2645 2851 2711 quod
2903 2660 3012 2698 nou
3061 2647 3125 2700 ad
3177 2662 3435 2713 sponsum

1851 2730 2075 2798 Joseph,
2103 2734 2194 2787 sed
2214 2735 2280 2801 ad
2317 2732 2584 2801 Virginem
2614 2734 2843 2788 mittitur
2875 2736 3142 2805 angelus?
3166 2736 3434 2802 Quoniam

1853 2826 1984 2880 nihil
2016 2840 2329 2890 commune,
2361 2828 2507 2895 quod
2530 2827 2642 2895 jam
2667 2828 2895 2893 sciebat,
2934 2831 2983 2883 in
3025 2828 3237 2886 Domini
3267 2846 3435 2901 gene-

1852 2916 2284 2985 rationeJoseph
2315 2919 2566 2981 habebat.
2586 2922 2936 2989 quantumvis
2963 2932 3145 2976 custos
3182 2933 3235 2975 et
3274 2938 3436 2991 spon-

1848 3024 1942 3063 sus
1965 3007 2208 3079 Virginis
2243 3012 2632 3080 appellaretur.
2671 3014 2776 3068 Sed
2808 3015 3065 3082 quoniam
3098 3030 3127 3069 ε
3166 3016 3434 3083 principio

1849 3120 1945 3173 per
1967 3105 2247 3159 mulierem
2292 3113 2575 3173 peccatum
2611 3120 2688 3171 se,
2716 3106 3038 3170 insinuavit,
3073 3106 3194 3160 ideo
3218 3107 3431 3173 iustitia

165 3170 458 3238 ρείσδυσις,
515 3174 604 3227 διὰ
638 3176 732 3228 τοῦ
788 3178 952 3232 αὐτοῦ
996 3181 1190 3249 γένους
1222 3184 1527 3253 ἐνεργεῖται
1569 3189 1601 3257 ἡ
1643 3189 1740 3257 τῆς

1849 3170 1943 3262 per
1976 3194 2115 3249 idem
2155 3210 2325 3264 genus
2369 3195 2688 3266 ingreditur.
2723 3195 2994 3261 Quoniam
3033 3212 3161 3253 vero
3213 3214 3311 3252 nos
3342 3214 3431 3253 sa-

159 3260 509 3332 δικαιοσύνης
550 3266 872 3329 είσὲλευσις.
908 3271 1063 3323 Ἐπεὶ
1091 3272 1146 3324 δὲ
1190 3274 1336 3343 ἡμᾶς
1370 3274 1397 3326 ὁ
1426 3275 1588 3344 σοφὸς
1630 3278 1738 3331 ἐδί-

157 3352 281 3417 δαξε
311 3355 571 3424 Μάξιμος
626 3360 718 3410 καὶ
753 3361 817 3412 ὲκ
846 3360 954 3413 τῶν
987 3367 1272 3434 στοιχείων
1311 3369 1423 3421 τῶν
1452 3370 1736 3441 ὀνομάτων

162 3444 223 3496 ἐκ
306 3462 371 3498 τε
436 3446 534 3499 τοῦ
628 3450 866 3521 ἀριθμοῦ
942 3455 1124 3509 αὐτῶν
1190 3460 1327 3529 πρὸς
1396 3460 1735 3532 ὑψηλοτέρας

159 3537 375 3601 ἑννοίας
434 3538 762 3607 ἀνάγεσθαι,
813 3545 955 3597 ἑπτὰ
1012 3546 1065 3598 δὲ
1110 3553 1353 3620 στοιχεῖα
1399 3553 1499 3623 τὴν
1540 3555 1735 3625 κλῆσιν

158 3626 537 3696 ἀναπληροῦσι
593 3629 687 3682 τοῦ
752 3632 1036 3704 Γαϐριὴλ,
1109 3639 1367 3706 ἐμφαίνει
1422 3644 1483 3696 τὸ
1537 3644 1732 3714 ὄνομα,

160 3717 283 3777 ὼςό
363 3717 471 3769 ὑπὸ
549 3720 795 3791 Γαϐριὴλ
891 3725 1383 3797 εὐαγγελιζόμενος
1477 3736 1737 3804 τεχθῆναι

160 3806 394 3874 Χριστὸς
439 3809 533 3860 ἐπὶ
608 3814 854 3883 σωτηρίᾳ
914 3815 1041 3884 ἥκει
1098 3816 1194 3870 τοῦ
1238 3819 1447 3889 κόσμου
1487 3826 1688 3889 παντὸς
1717 3867 1733 3893 ,

153 3897 245 3951 τοῦ
322 3902 700 3971 μετρουμένου
772 3906 879 3958 ὑπὸ
959 3908 1057 3975 τῆς
1116 3911 1482 3985 ὲϐδοματικῆς
1531 3918 1737 3990 ταύτης

156 3994 467 4059 κινήσεως,
535 3994 630 4046 καὶ
721 4000 1133 4070 περατουμένω
1194 4005 1253 4057 ὲν
1308 4007 1502 4059 αἰῶσιν
1570 4010 1733 4066 ἑπτά.

158 4082 215 4136 Εἰ
267 4084 329 4135 δὲ
391 4085 465 4155 μὴ
520 4087 814 4159 περίεργος
863 4091 1006 4157 δόξει
1055 4097 1171 4158 τοῖς
1226 4098 1442 4162 πολλοῖς
1488 4102 1739 4171 ὴὲξέτα-

160 4193 275 4238 εις,
332 4176 457 4227 οὐδὲ
518 4176 630 4229 τῶν
668 4179 765 4233 τοῦ
814 4182 1077 4252 ὀνόματος
1143 4188 1387 4255 μονάδων
1427 4195 1455 4244 6
1500 4192 1736 4265 ἀριθμὸς

156 4270 256 4333 ἔξω
292 4269 553 4321 πέπτωκε
592 4270 827 4341 θεωρίας
854 4276 954 4344 τῆς
987 4280 1281 4350 μυστικῆς.
1315 4284 1427 4337 Καὶ
1454 4288 1519 4339 ὲκ
1539 4289 1733 4344 τούτου

156 4362 259 4431 γὰρ
298 4362 400 4431 τὴν
452 4362 711 4431 πρόνοιαν
753 4366 854 4435 τῆς
896 4369 1060 4454 ἁγίας
1110 4373 1334 4444 Γραφῆς
1380 4383 1733 4454 μηνυομένην

156 4454 485 4522 εὑρήσομεν.
526 4455 608 4509 Τὰ
652 4456 762 4526 γὰρ
788 4450 1051 4533 τέσσαρᾶ
1097 4467 1195 4519 καὶ
1226 4450 1571 4541 πεντήκοντα
1598 4450 1733 4545 πρδς

153 4549 260 4609 τοῖς
312 4547 531 4612 ἑκατὸν,
576 4548 721 4620 ἅπερ
755 4553 819 4603 ἐκ
869 4553 969 4623 τῆς
1020 4555 1115 4608 τοῦ
1157 4558 1394 4631 Γαϐριὴλ
1438 4567 1734 4637 συνάγεται
1766 4552 1811 4607 D

154 4641 427 4710 κλήσεως,
476 4643 631 4711 δηλοί
668 4643 763 4697 τὸν
806 4646 1302 4721 εὐαγγελιζόμενον
1331 4656 1540 4713 τέλειον
1576 4662 1734 4728 Θεὸν,

154 4736 241 4786 καὶ
269 4733 481 4787 τέλειον
497 4734 806 4804 ἄνθρωπον,
838 4740 901 4792 Ἦ
920 4741 1027 4812 γάρ
1053 4759 1136 4794 τοι
1165 4744 1328 4811 δεκὰς
1358 4752 1540 4805 τελεία
1573 4753 1733 4824 οὖσα,

152 4827 219 4890 ὼς
251 4828 587 4899 περιεκτικὴ
626 4829 831 4894 παντὸς
886 4833 1146 4905 ἀριθμοῦ,
1195 4841 1276 4903 είς
1318 4841 1518 4913 ἑαυτὴν
1562 4848 1729 4900 πολυο

154 4920 567 4994 πλασιαζομένη
599 4924 698 4993 τὴν
735 4925 1069 4981 ἑκατοντάδα
1104 4935 1269 4997 ποιεῖ,
1301 4934 1423 5004 ἥτις
1452 4937 1725 5014 δηλωτική

150 5013 261 5066 ἐστι
286 5014 391 5083 τῆς
425 5017 752 5081 παντελείας
782 5018 1060 5092 θεότητος.
1109 5024 1173 5077 Ἦ
1208 5026 1265 5079 δὲ
1310 5032 1609 5103 πενταδικὴ
1637 5013 1725 5089 δεέ

152 5106 246 5167 κάς
268 5106 371 5175 τῆς
396 5107 612 5171 τελείας
634 5111 728 5163 τοῦ
754 5112 1045 5183 ἀνθρώπου
1076 5115 1259 5189 ψυχῆς
1283 5121 1398 5175 ἐστι
1434 5125 1725 5197 σύμϐολον,

151 5196 378 5268 ἐχούσης
414 5200 514 5270 μὲν
536 5202 635 5272 τὴν
654 5205 720 5257 ὲκ
752 5206 849 5259 τοῦ
883 5207 1003 5271 νοὸς
1030 5208 1371 5283 τελειότητα,
1394 5218 1726 5294 ἐνεργούσης

211 5360 256 5393 ⁵·
281 5360 519 5431 Philipp.
544 5378 607 5430 tt,
641 5363 695 5419 8.
774 5367 819 5400 ⁸⁷
850 5367 986 5425 Dan.
1023 5389 1078 5438 ι,
1104 5376 1189 5442 15,
1212 5377 1303 5437 21.

1387 5377 1435 5412 ⁸⁸
1464 5379 1485 5434 Ι
1506 5381 1635 5438 Cor.
1663 5402 1703 5454 t,
1727 5388 1819 5443 24.

1848 3302 2001 3356 piens
2036 3286 2125 3339 ille
2154 3286 2423 3341 Maximus
2456 3288 2566 3353 (56)
2590 3290 2797 3351 docuit,
2826 3299 2883 3342 ut
2915 3292 2982 3343 ab
3013 3291 3300 3346 elementis
3330 3309 3431 3348 nov

1848 3380 2051 3432 tninum
2116 3394 2413 3447 eorumque
2469 3396 2694 3434 numero
2731 3380 2798 3434 ad
2853 3381 3196 3451 intelligenda
3238 3385 3429 3440 altiora

1843 3471 2214 3538 erigerentur;
2255 3486 2448 3525 nomen
2482 3486 2608 3525 vero
2633 3471 2898 3528 Gabrielis
2928 3484 3132 3544 septem
3166 3476 3433 3532 elementa

1845 3559 2155 3623 coniiciunt,
2190 3560 2427 3614 declarat
2462 3563 2644 3632 utique
2672 3563 2847 3632 ipsum
2890 3579 3109 3632 nomen,
3143 3565 3304 3637 362
3336 3569 3429 3636 qtti

1847 3653 2162 3708 naScitut-us
2204 3654 2232 3707 ὲ
2258 3652 2511 3709 Gabriele
2539 3655 2841 3723 nuntiatur,
2867 3656 3139 3731 Christum
3171 3662 3353 3715 venire
3378 3664 3430 3715 iu

1848 3746 2075 3799 salutem
2098 3746 2283 3801 tnundi
2301 3748 2802 3817 totius,scptenario
2825 3749 3029 3803 scilicet
3045 3750 3157 3821 (57)
3180 3755 3434 3821 temporis

1846 3848 1996 3892 motu
2038 3840 2289 3903 dimensi,
2316 3850 2372 3894 et
2404 3851 2616 3910 septem
2670 3843 2883 3898 saeculis
2929 3844 3160 3899 deliniti.
3197 3844 3349 3911 Quod
3385 3850 3432 3903 si

1845 3938 2071 3991 minime
2098 3939 2313 3993 curiosa
2347 3940 2532 3994 multis
2567 3940 2852 4010 inquisitio
2893 3941 3160 4005 videatur,
3191 3958 3291 3998 nec
3330 3959 3433 3998 uu-

1846 4045 2029 4084 merus
2073 4030 2189 4099 ipse
2218 4032 2490 4086 unitatum
2543 4048 2607 4087 ex
2650 4034 2848 4102 quibus
2898 4043 3112 4090 constat
3142 4050 3361 4101 nomen,
3394 4051 3425 4091 a

1842 4123 2073 4193 mystica
2102 4124 2545 4180 consideratione
2581 4126 2861 4193 sejunv-tus
2887 4136 2998 4193 est;
3029 4143 3092 4180 ex
3140 4127 3242 4181 hoc
3283 4133 3428 4183 enim

1846 4214 1960 4282 ipso
1988 4226 2189 4270 sanctte
2242 4215 2544 4284 Scriptura:
2592 4218 2987 4286 providentiam
3022 4219 3245 4273 indicari
3274 4235 3427 4275 como

1843 4309 2137 4377 periemus.
2185 4305 2400 4362 Etenim
2441 4319 2676 4375 quatuor
2718 4316 2773 4363 et
2833 4311 3228 4380 quinquaginta
3260 4329 3427 4384 supra

1842 4410 2084 4464 centum,
2109 4416 2229 4469 qna:
2264 4416 2291 4452 a
2325 4398 2595 4454 Gabrielis
2629 4402 2850 4456 nomine
2873 4417 3084 4457 summa
3115 4404 3424 4471 deducitur,

1842 4476 2134 4547 ostendunt
2158 4507 2302 4556 eum,
2326 4491 2416 4560 qui
2451 4493 2730 4547 nuntiatur
2754 4494 3054 4563 perfectum
3093 4494 3261 4549 Deum
3283 4512 3424 4562 esse,

1841 4594 1894 4640 et
1930 4585 2207 4639 hominem
2240 4586 2395 4653 juxta
2432 4586 2762 4655 perfectum.
2806 4588 2976 4641 Decas
3011 4587 3155 4642 enim
3190 4589 3427 4657 perfecta

1841 4690 1961 4729 cum
1992 4676 2081 4740 sit,
2104 4686 2163 4729 ut
2216 4691 2338 4744 qua:
2378 4691 2592 4731 omnem
2638 4693 2925 4732 numerum
2974 4680 3426 4747 comprehendat,

1842 4766 1895 4820 iu
1927 4781 1986 4820 se
2022 4766 2193 4835 ipsam
2224 4766 2579 4833 multiplicata
2625 4784 2910 4822 numerum
2967 4768 3131 4822 efﬁcit
3163 4780 3423 4823 centena-

1841 4863 2003 4928 rium,
2039 4862 2131 4931 qui
2164 4877 2294 4916 sane
2330 4863 2671 4917 divitiil.itetn
2718 4866 2974 4918 omnibus
3026 4867 3273 4919 numeris
3304 4881 3427 4933 per-

1834 4953 2035 5008 fectam
2098 4955 2359 5011 ostendit.
2393 4956 2691 5023 Quinquies
2732 4966 2908 5009 autem
2975 4956 3203 5023 repetita
3263 4961 3425 5013 det-as

1835 5045 2084 5115 perfecta!
2107 5046 2343 5099 hominis
2367 5047 2559 5100 anima:
2587 5048 2886 5116 symbolum
2908 5058 3011 5104 est.
3044 5063 3165 5114 qme
3191 5067 3214 5094 ει
3246 5066 3424 5099 ιιιριιευ

1834 5138 2051 5205 quidem
2106 5139 2495 5208 perfectionem
2530 5137 2751 5201 haheat,
2786 5155 2880 5207 per
2909 5154 3098 5193 sensus
3143 5154 3268 5193 vero
3301 5156 3422 5203 01w-

1834 5242 2006 5286 retur.
2033 5229 2279 5297 Quatuor
2304 5244 2454 5292 vero.
2479 5246 2596 5300 quat
2643 5239 2903 5301 superant
2931 5246 3152 5299 corpus,
3188 5244 3423 5302 quatuor

1384 5496 1703 5563 Francisci
1740 5504 1947 5567 Scorsi
1974 5512 2168 5568 notes.

213 5607 325 5677 (55)
351 5604 612 5691 Gabrieiis
636 5602 944 5691 nomenrlta
976 5620 1138 5673 etiam
1168 5620 1226 5677 S.
1278 5623 1572 5691 Gregorius
1601 5628 1717 5682 Ma-

154 5689 311 5769 gnus,
431 5690 664 5769 ljz‘tst'res
697 5689 1081 5769 nianifesta’ex
1107 5700 1276 5760 etym.
1316 5689 1418 5754 1:5
1453 5697 1599 5751 enim
1629 5700 1738 5769 for-

153 5746 313 5821 titudo
356 5745 504 5821 eth:
553 5751 721 5817 Deus,
807 5747 930 5812 inde
994 5745 1217 5821 Sat-tia.

218 5818 325 5889 136)
348 5819 637 5878 Maximus.
680 5826 752 5882 De
768 5818 1114 5887 hocdixiuius
1133 5818 1283 5891 tTom.
1315 5837 1362 5904 l,
1398 5846 1510 5894 nol.
1555 5840 1609 5896 9.
1632 5841 1736 5899 Lo-

1824 5649 1945 5686 cum
1969 5635 2232 5707 autemid
2250 5637 2505 5706 operibus
2528 5652 2645 5707 qua:
2661 5647 2879 5693 exstant
2897 5636 3055 5707 huius
3079 5634 3278 5704 Patris,
3312 5654 3417 5693 non

1835 5706 2058 5775 memini
2086 5706 2264 5760 adhuc
2292 5708 2489 5775 legere.

1907 5774 2019 5845 (57)
2077 5774 2385 5843 Septenaria
2438 5780 2655 5832 scilicet.
2720 5776 2857 5847 Yide
2914 5779 3076 5834 etiam
3118 5780 3182 5836 de
3212 5779 3315 5836 hoc
3347 5783 3417 5839 εὐ

1834 5845 1980 5900 hom.
2019 5849 2200 5910 i,not.
2238 5847 2289 5900 il
2331 5855 2381 5904 et
2407 5849 2470 5908 ad
2488 5849 2630 5907 hom.
2668 5845 2759 5915 40,
2792 5860 2903 5905 not.
2934 5848 2988 5902 ‘2.
