4168 6456
142 386 247 450 95Ἰ

1528 384 1861 447 HOMILIA
1899 388 2015 449 LV.

3301 386 3415 451 954

138 503 232 553 τὸν
257 498 623 571 τερπνότατον
675 495 866 551 τοῦτον
912 496 1020 551 τῶν
1047 492 1310 568 κηρύκων
1350 494 1498 560 ναὸν,
1528 495 1589 549 δν
1624 513 1725 549 κα-

1846 502 1937 551 hoc
1966 495 2173 552 addidit
2204 494 2374 550 animi
2402 511 2527 553 vere
2554 496 2912 567 imperatorii,
2939 504 2995 549 et
3021 496 3198 566 magni
3243 513 3410 568 argu-

141 588 323 659 Oirtsp
370 587 612 658 κρηπίδα
680 588 777 641 καὶ
807 588 1112 656 ἀσφάλειαν
1142 588 1201 640 ὲν
1229 588 1344 651 τοῖς
1394 588 1733 656 ἀνακτόροις

140 681 420 749 ἐδείματο,
474 679 734 748 μέγιστόν
769 696 830 732 τε
884 680 980 732 καὶ
1034 678 1348 744 κάλλιστον,
1400 680 1496 731 καὶ
1546 679 1736 734 κάλλει

144 772 453 840 καινοτέρῳ
493 770 991 838 διαπρεπέστατον,
1030 773 1123 825 καὶ
1155 772 1298 838 φωτὶ
1348 771 1737 842 φαιδρότατον,

139 863 237 917 καὶ
265 863 455 933 χρυσῷ
483 863 897 932 διαυγέστατον,
954 865 1049 917 καὶ
1076 864 1270 934 ψηφίσι
1329 862 1737 925 στιλπνότατον,

144 956 243 1007 καὶ
277 959 523 1024 γραφαῖς
553 955 951 1025 ἀνθηρότατον.
1001 956 1101 1009 Ὃν
1140 973 1224 1019 τις
1274 953 1397 1008 ίδὼν
1451 954 1738 1021 πολλάκις,

142 1048 239 1099 καὶ
271 1048 439 1100 πάλιν
475 1047 623 1110 ἰδὼν,
669 1048 744 1109 ὡς
773 1046 867 1099 νῦν
900 1045 1050 1116 αὐτῷ
1082 1046 1307 1117 πρῶτον
1335 1045 1575 1114 φανέντα
1603 1044 1740 1096 θαυ-

148 1139 341 1208 μάζει,
372 1142 469 1192 καὶ
507 1139 713 1209 τέθηπε
767 1140 1051 1209 πανταχοῦ
1094 1141 1163 1208 τῇ
1214 1137 1313 1207 θέᾳ
1364 1136 1738 1206 πλανώμενος.

152 1234 215 1285 '0
253 1233 354 1302 μὲν
398 1232 506 1301 γὰρ
549 1231 751 1300 ὄροφος
783 1231 1063 1300 ἄπληστός
1097 1232 1216 1282 ἐστι
1256 1230 1375 1299 θέᾳ,
1420 1231 1517 1283 ειια)¹
1548 1228 1737 1298 θαῦμα

148 1326 279 1377 ἰδεῖν
346 1325 443 1377 καὶ
470 1321 727 1376 ἀκοῦσαι.
756 1322 995 1390 Γλυφαῖς
1018 1340 1128 1375 τισι
1159 1321 1511 1391 λεπτοτέραις
1534 1321 1614 1383 είς
1644 1337 1742 1373 κα-

145 1412 429 1464 λαθίσκων
478 1410 667 1481 σχῆμα
716 1411 1161 1481 ποικιλλομέναις
1209 1410 1609 1481 ὼραῖζόμενος,
1644 1411 1741 1464 καὶ

147 1504 497 1573 πανταχόθεν
525 1503 603 1573 τῷ
632 1502 818 1573 χρυσῷ
843 1505 1326 1573 περιαστράπτων,
1364 1505 1614 1572 μιμεῖται
1644 1502 1739 1555 τὸν

147 1596 408 1666 οὐρανὸν,
451 1597 539 1648 ὅτε
576 1596 797 1666 καθαρᾷ
822 1596 1012 1666 αἰθρίᾳ
1046 1595 1123 1665 τῷ
1152 1596 1262 1647 τῶν
1307 1596 1555 1667 ἀστέρων
1594 1596 1744 1666 χορῷ

146 1688 581 1758 περιλάμπεται.
661 1688 856 1750 Κίονες
901 1687 958 1741 δὲ
1022 1687 1287 1740 κάλλιστα
1350 1686 1450 1751 τὰς
1503 1689 1743 1756 ἄντυγας

147 1779 559 1849 ὑπερείδουσαι,
593 1781 672 1841 είς
702 1779 988 1849 ἀμήχανον
1009 1780 1140 1849 ὕψος
1166 1779 1257 1831 τὸν
1277 1779 1475 1849 ὄροφον
1498 1779 1737 1849 αἴρουσι.

148 1874 254 1925 Τοῦ
285 1874 344 1924 δὲ
379 1872 511 1925 ναοῦ
546 1874 607 1924 τὸ
642 1873 957 1941 ἁγιώτατον
988 1873 1219 1927 δάπεδον
1265 1872 1510 1943 ἀτεχνῶς
1541 1873 1746 1943 ἐαρινῷ

147 1967 384 2036 λειμῶνι
420 1968 791 2036 παρείκασται
831 1967 1056 2039 ποικίλῃ
1084 1967 1395 2038 μαρμάρων
1418 1966 1631 2037 ψηφίδι,
1670 1967 1746 2030 ὡς

151 2060 366 2126 ἄνθεσι,
413 2058 922 2131 καθωραῖζόμενον.
980 2060 1129 2131 Πλὴν
1176 2061 1309 2131 παρ’
1350 2060 1476 2114 ὅσον
1522 2059 1592 2113 τὰ
1646 2061 1747 2129 μὲν

150 2153 289 2223 ἄνθη
332 2152 683 2221 μαραίνεται,
721 2154 815 2205 καὶ
845 2152 1197 2216 ἀλλάττεται,
1225 2154 1253 2206 ό
1276 2152 1333 2206 δὲ
1361 2152 1567 2224 λειμὼν
1589 2147 1747 2217 οὗτος

148 2246 474 2317 ἀμάραντός
521 2248 660 2312 ἐστι,
706 2245 801 2300 καὶ
853 2246 1043 2311 ἀΐδιος,
1092 2245 1277 2317 τηρῶν
1341 2247 1429 2317 ἐφ’
1466 2246 1646 2316 ἑαυτῷ
1686 2246 1748 2298 τὸ

153 2340 316 2400 ἄνθος
356 2338 652 2391 ἀθάνατον.
697 2339 807 2401 na;
843 2338 901 2391 δὲ
928 2340 1109 2407 τοῖχος
1154 2338 1402 2407 ποικιλίᾳ
1434 2338 1747 2407 μαρμάρων

156 2429 658 2499 περικαλύπτεται.
698 2429 780 2483 Τὰ
806 2429 862 2481 δὲ
898 2429 1105 2481 τούτων
1134 2431 1393 2498 ἀνωτέρω
1438 2431 1618 2502 χρυσὴ
1643 2449 1746 2484 κα-

154 2525 353 2577 λύπτει
388 2522 584 2592 ψηφὶς,
613 2524 712 2574 ὅσα
760 2522 835 2591 μὴ
865 2522 1187 2589 συνείληφεν
1222 2524 1251 2575 ὁ
1285 2520 1396 2575 τῶν
1427 2524 1642 2576 σεπτῶν
1668 2524 1746 2575 εί-

154 2621 331 2670 κόνων
375 2617 557 2685 χορός.
597 2615 674 2667 Τὸ
715 2613 773 2666 δὲ
815 2613 914 2684 τῆς
961 2614 1207 2684 ἀρρήτου
1258 2614 1484 2682 τελετῆς
1523 2615 1743 2684 χωρίον,

155 2710 468 2780 μαρμάρων
490 2706 694 2776 θώραξ,
718 2709 832 2769 τοῖς
858 2705 1067 2775 ἱερεῦσι
1090 2707 1393 2775 περικλείει
1415 2706 1508 2761 τὸν
1534 2708 1712 2777 χῶρον
1728 2724 1743 2739 ·

154 2800 241 2869 ἐφ’
292 2792 369 2853 ὧν
413 2800 563 2852 ἐστιν
614 2788 1070 2852 ἐπαναπαύεσθαί
1116 2817 1178 2853 τε
1237 2801 1330 2854 καὶ
1389 2801 1530 2871 μετὰ
1567 2803 1747 2869 ἀσφα-

155 2893 306 2954 λείας
356 2891 606 2956 ὲστάναι,
655 2890 752 2944 καὶ
797 2891 1024 2960 τέρπειν
1064 2894 1129 2960 τῇ
1166 2891 1267 2962 θέᾳ
1299 2893 1400 2963 τὴν
1437 2892 1582 2961 ὄψιν.
1625 2893 1750 2948 Κώ-

156 2985 308 3053 λυμα
339 2984 398 3036 δὲ
442 2983 603 3035 τοῦτο
653 2982 785 3046 τῶν,
863 2982 999 3046 εῐτις
1047 2983 1328 3053 προπετὴς
1374 2985 1471 3038 καὶ
1519 2987 1742 3056 ἁνίερος

158 3079 291 3129 εἴσω
348 3075 457 3127 τῶν
490 3074 698 3127 ἀδύτων
750 3074 1063 3145 ὑπερϐῆναι
1103 3079 1391 3144 φιλονικεῖ.
1432 3077 1498 3130 ’Ιί
1539 3078 1595 3131 δὲ
1626 3078 1743 3133 θεία

1846 598 2089 642 mentum
2132 586 2577 642 venustissimum
2627 589 2729 643 hoc
2783 588 3228 642 concionatorum
3277 598 3416 643 tem-

1842 681 1986 748 plum
2030 680 2167 751 (58),
2207 679 2351 747 quod
2395 679 2731 734 fundamenti
2759 679 2951 741 instar,
2979 694 3043 733 ac
3093 680 3417 734 munimenti

1848 772 1900 823 in
1948 770 2148 838 palatio
2197 769 2493 823 aediﬁcavit
2552 771 2848 822 maximum
2899 777 3063 837 atque
3112 770 3420 838 pulcherri-

1843 879 2014 926 mum,
2050 862 2193 932 quod
2225 873 2279 916 et
2309 862 2795 931 insolitoqnodam
2825 872 3018 914 ornatu
3046 863 3415 930 magniﬁcum,

1842 966 1897 1009 et
1937 955 2222 1023 splendore
2253 955 2625 1022 conspicuum,
2661 962 2717 1007 et
2743 968 2875 1007 auro
2926 953 3408 1023 fulgentissimum,

1853 1047 2052 1119 lapillis
2091 1048 2202 1119 (59)
2238 1047 2625 1111 clarissimum,
2662 1056 2716 1100 et
2749 1047 2978 1115 picturis
3004 1047 3161 1115 quasi
3195 1046 3421 1100 ﬂoribus

1844 1142 2298 1196 ammnissimum.
2336 1138 2489 1205 Quod
2520 1154 2641 1192 cum
2677 1138 2878 1206 saepius
2925 1139 3121 1192 viderit
3146 1138 3417 1209 quispiam

1844 1242 1898 1287 et
1926 1232 2091 1288 semel
2136 1243 2299 1300 atque
2337 1233 2533 1287 iterum
2573 1230 2736 1284 fuerit
2773 1231 3202 1295 contemplatus,
3230 1241 3289 1285 ιιι
3322 1245 3421 1285 no-

1846 1340 1995 1391 vum,
2033 1339 2096 1379 ac
2136 1340 2281 1379 nunc
2314 1326 2547 1392 primum
2579 1325 2758 1377 visum
2795 1324 3097 1376 admiratur
3126 1332 3181 1377 et
3226 1323 3418 1376 obstu-

1847 1417 2037 1485 pescit,
2062 1417 2397 1471 errabundos
2421 1416 2607 1469 oculos
2630 1416 2735 1470 huc
2754 1415 2987 1484 illucque
3007 1414 3420 1469 circumferens.

1846 1508 2067 1563 Tectum
2095 1510 2238 1562 enim
2284 1508 2598 1576 huiusmodi
2645 1519 2749 1569 est,
2786 1518 2844 1562 ut
2890 1524 2988 1562 nec
3026 1510 3145 1574 ejus
3194 1516 3416 1573 aspectu

1846 1602 2035 1654 satiari
2066 1602 2188 1671 quis
2219 1599 2425 1669 possit;
2477 1609 2531 1653 et
2571 1615 2693 1654 cum
2730 1600 3063 1661 videntibus,
3103 1611 3216 1653 tum
3247 1601 3414 1654 etiam

1846 1693 2194 1747 audientibus
2246 1690 2510 1746 miraculo
2574 1692 2642 1745 sit
2713 1692 2878 1745 variis
2927 1690 3244 1745 calathiscis
3284 1692 3421 1758 poli-

1849 1785 2056 1838 tissima
2096 1793 2214 1837 arte
2255 1783 2461 1838 caelatis
2516 1783 2834 1837 distinctum
2872 1797 2935 1836 ac
2976 1783 3312 1846 decoratum,
3367 1790 3421 1835 et

1850 1875 2197 1942 undicunque
2226 1889 2359 1927 auro
2391 1888 2690 1929 coruscans
2721 1874 3007 1927 aemulatur
3038 1872 3256 1939 coelum,
3293 1887 3416 1925 cum

1849 1981 1985 2036 puro
2040 1980 2105 2019 ac
2135 1980 2330 2020 sereno
2371 1980 2494 2021 aere
2522 1974 2795 2020 astrorum
2827 1966 2997 2018 choro
3030 1964 3283 2018 collucet.
3312 1963 3421 2018 Co-

1849 2061 2045 2115 lumna
2102 2075 2233 2114 vero
2284 2074 2446 2113 arcus
2501 2059 2705 2128 optime
2751 2056 3130 2111 suﬂ'ulcientes
3189 2057 3243 2109 in
3300 2071 3420 2110 eam

1850 2152 2193 2208 altitudinem
2241 2161 2444 2208 tectum
2495 2153 2739 2221 erigunt,
2789 2159 2847 2203 ut
2906 2148 3190 2204 machinas
3238 2163 3428 2202 omnes

1850 2257 2130 2316 artemque
2160 2259 2417 2313 superare
2445 2244 2713 2299 videatur.
2746 2242 2863 2298 Jam
2913 2243 3095 2311 templi
3135 2240 3424 2296 sanctissi-

1851 2356 1997 2394 mum
2053 2340 2421 2407 pavimentum
2454 2337 2614 2406 371
2655 2335 2942 2389 marmoris
2975 2334 3084 2404 (60)
3120 2333 3422 2403 segmentis

1849 2433 2003 2503 quasi
2045 2432 2271 2485 ﬂoribus
2301 2431 2506 2500 ubique
2536 2434 2872 2493 decoratum,
2898 2440 3052 2497 prato
3080 2442 3249 2480 verno
3282 2437 3425 2479 tem-

1850 2540 1981 2595 pore
2021 2521 2385 2577 elllorescenti
2431 2522 2593 2591 plane
2622 2521 2960 2575 simillimum
2994 2528 3097 2581 est,
3128 2519 3230 2572 hoc
3264 2532 3428 2571 exce-

1850 2627 1942 2687 pto
1982 2618 2129 2685 quod
2176 2616 2338 2670 ﬂores
2373 2616 2445 2668 ibi
2479 2613 2866 2675 deﬂorescunt,
2897 2622 2952 2666 et
3003 2610 3423 2675 submittantur;

1852 2709 1955 2763 hoc
1986 2718 2167 2763 autem
2201 2717 2413 2779 pratum
2448 2721 2724 2774 nunquam
2767 2704 3081 2766 marcescit,
3131 2709 3186 2755 et
3230 2716 3425 2770 perpe-

1853 2808 2003 2852 tuum
2066 2800 2211 2869 viget
2261 2795 2448 2849 ﬂorem
2513 2797 2565 2849 in
2632 2810 2690 2849 se
2745 2809 2971 2849 servans
3033 2792 3423 2847 immortalem.

1851 2889 1997 2944 Nihil
2041 2889 2094 2943 in
2136 2887 2439 2958 parietibus
2491 2901 2603 2939 non
2656 2898 2929 2939 marmore
2953 2883 3107 2937 vario
3148 2881 3426 2936 convesd-

1852 2994 1961 3036 tum
1984 2997 1999 3047 ;
2031 2980 2316 3047 superiora
2341 2992 2470 3031 vero
2498 2975 2696 3044 lapillis
2721 2977 2902 3029 aureis
2928 2982 3117 3042 operta
3144 2980 3291 3032 sunt.
3318 2986 3425 3039 qua

1851 3083 2027 3127 tamen
2051 3087 2080 3125 a
2112 3070 2557 3125 venerandarum
2597 3068 2888 3137 imaginum
2924 3067 3091 3120 choro
3125 3080 3230 3118 non
3260 3078 3423 3118 occu»

158 3164 438 3234 τράπεζα,
467 3165 588 3223 ταῖς
626 3163 683 3228 ἐξ
713 3162 956 3232 ἀργύρου
982 3166 1074 3216 καὶ
1110 3165 1312 3233 χρυσοῦ
1350 3170 1740 3237 μαρμαρυγαῖς

1850 3176 2066 3233 pantur.
2093 3161 2270 3217 Locus
2303 3162 2417 3225 ille,
2445 3160 2496 3213 in
2529 3174 2636 3228 quo
2666 3174 2929 3212 arcanum
2956 3158 3235 3227 peragitur
3256 3153 3427 3208 sacri—

162 3258 661 3326 ἀπαστράπτουσα,
715 3257 1087 3327 καταπλήττει
1133 3259 1225 3309 τὸν
1288 3258 1508 3330 θεατήν.
1562 3261 1641 3314 Τὰ
1686 3261 1745 3314 δὲ

160 3350 323 3403 λειπᾶ
348 3349 558 3417 ταύτης
589 3349 841 3418 τιμάσθω
885 3352 1035 3419 σιγῇ.
1097 3349 1163 3403 Ὀ
1198 3351 1253 3403 δὲ
1297 3352 1422 3414 ναὸς
1457 3352 1605 3415 ἄπας
1631 3355 1745 3417 τοῖς

165 3438 351 3507 ᾅδουσι
381 3440 510 3499 τοὺς
553 3437 730 3501 θείους
761 3437 983 3505 ὕμνους,
1022 3439 1215 3508 ὥσπερ
1242 3441 1311 3493 τὰ
1344 3440 1517 3512 ἄντρα
1562 3443 1745 3513 ἡρέμα

164 3532 493 3599 συναπηχεῖ,
526 3530 629 3599 τῆς
654 3531 840 3598 φωνῆς
868 3533 1199 3605 ἐπανιούσης
1220 3535 1355 3605 πρὸς
1382 3535 1583 3606 ἑαυτὴν
1605 3535 1746 3588 κατὰ

163 3622 252 3673 τὸν
288 3622 610 3674 ἀντίτυπον.
656 3622 1187 3692 Παοαπετασμάτων
1227 3624 1284 3677 δὲ
1324 3624 1525 3693 πλῆθος
1556 3622 1744 3693 ὴὼρη-

1853 3256 2032 3309 licium
2084 3268 2390 3308 marmoreo
2426 3254 2651 3306 thorace
2686 3260 2928 3318 septum,
2979 3257 3034 3302 et
3067 3244 3422 3302 circumscri-

1850 3360 2002 3419 ptum
2036 3357 2119 3401 est
2149 3348 2554 3409 sacerdotibus,
2591 3344 2682 3399 ubi
2716 3352 2771 3399 et
2805 3344 3167 3413 requiescere,
3210 3348 3263 3393 et
3308 3347 3421 3391 tuto

1850 3438 2168 3502 consistere,
2200 3445 2255 3490 et
2299 3448 2583 3503 aspectum
2616 3432 2928 3503 spectaculo
2953 3432 3080 3485 licet
3125 3430 3422 3484 oblectare.

1847 3531 2011 3599 quue
2035 3530 2330 3584 claustrum
2364 3528 2530 3583 etiam
2563 3527 2631 3582 ab
2661 3540 2888 3581 accessu
2922 3525 3199 3594 prohibet,
3225 3524 3270 3578 si
3305 3521 3424 3590 quis

1850 3622 2171 3678 temerarius
2208 3638 2271 3678 ac
2313 3621 2575 3690 profanus
2638 3622 2798 3690 adyta
2854 3630 3147 3690 penetrare
3193 3627 3418 3671 conten-

1401 3780 1720 3843 Francisci
1756 3780 1967 3843 Scorsi
1998 3786 2189 3842 notae.

236 3928 348 3995 (58)
385 3928 837 3984 Concionatorum
875 3931 1143 3996 templum.
1181 3928 1279 3985 Ubi
1322 3928 1577 3983 nimirum
1614 3944 1742 3983 con-

164 4000 349 4053 riones
379 4014 550 4053 sacrae
595 4000 647 4051 in
696 4001 896 4066 palatio
929 4001 994 4052 ad
1026 4002 1215 4065 imper.
1248 4010 1300 4051 et
1335 4000 1541 4053 aulicos
1570 4001 1741 4054 habe-

168 4080 355 4122 rentur
381 4069 524 4132 quod
553 4078 606 4123 et
636 4070 798 4139 hodie
840 4070 1120 4123 l‘actitatur
1152 4071 1204 4123 in
1250 4069 1448 4133 palatio
1494 4070 1739 4139 proregis

166 4139 364 4193 Sicilim
400 4141 453 4191 in
484 4141 599 4193 aede
630 4138 690 4190 D.
730 4138 872 4192 Petri
908 4140 1103 4193 ibidem
1134 4140 1373 4194 condita.

234 4209 352 4277 (59)
384 4209 631 4267 Lapillis.
664 4208 768 4263 Eos
807 4210 1072 4275 intelligo,
1116 4225 1183 4263 ex
1226 4210 1425 4277 quibus
1456 4210 1731 4264 musivum

163 4296 297 4340 Opus
330 4278 642 4340 conﬁcitur,
673 4294 904 4346 quorum
953 4280 1041 4332 alii
1084 4296 1217 4333 auro
1248 4280 1391 4341 illiti,
1444 4279 1533 4332 alii
1567 4280 1737 4334 versi-

163 4352 377 4403 colores
401 4351 470 4401 ad
500 4349 677 4402 varias
707 4349 906 4416 ﬁguras
935 4349 1322 4415 exprimendas
1352 4352 1492 4403 inter
1515 4363 1574 4403 se
1602 4352 1736 4402 mira

166 4431 280 4473 arte
309 4419 739 4487 compinguntur
761 4428 815 4473 et
846 4430 1227 4473 conseruntur.
1257 4418 1380 4473 Tria
1414 4420 1594 4487 itaque
1616 4434 1738 4488 quae

1847 3928 2072 3982 chorum
2108 3926 2166 3981 S.
2199 3926 2481 3980 Benedicti
2518 3936 2734 3980 auctum
2760 3937 2811 3978 et
2844 3926 3255 3994 locupletatum,
3277 3925 3417 3991 quod

1846 4014 1978 4052 sane
2004 4012 2127 4052 cum
2157 3998 2363 4062 videas,
2390 3997 2491 4050 hoc
2534 3997 2704 4064 ipsum
2727 4012 2752 4047 ιι
2784 3996 3116 4062 Theophane
3162 3996 3261 4048 hac
3288 4011 3416 4047 ora-

1847 4070 1990 4121 tione
2019 4076 2272 4121 ornatum
2302 4109 2316 4131 ,
2373 4067 2679 4120 arbitreris.
2714 4066 2874 4118 Certe
2911 4067 2982 4119 illi
3021 4080 3124 4117 non
3159 4067 3303 4117 cedit
3340 4064 3421 4117 vel

1849 4139 2100 4199 artiﬁcio,
2133 4137 2215 4207 vel
2250 4147 2490 4203 sumptu,
2527 4139 2608 4189 vel
2643 4137 3033 4207 magnitudine.
3094 4134 3165 4189 De
3199 4135 3282 4191 his
3313 4136 3422 4203 agit

1847 4208 2084 4261 Thomas
2117 4206 2309 4260 Farell.
2343 4208 2434 4260 lib.
2472 4223 2565 4260 vm
2599 4211 2718 4261 dec.
2742 4206 2961 4275 primae.

1920 4276 2031 4347 (60)
2062 4276 2376 4330 Marmoreis
2418 4276 2715 4345 segmentis.
2779 4278 2853 4330 Ex
2899 4278 3096 4343 quibus
3154 4291 3290 4342 opus
3336 4289 3424 4325 se-

1847 4346 2226 4419 gvnentatuin,
2260 4362 2357 4401 seu
2383 4347 2797 4419 vertniculatum
2846 4347 3075 4409 dictum,
3120 4346 3279 4419 quale
3333 4348 3423 4398 de-

1849 4415 2038 4471 scribit
2060 4415 2321 4478 Lucilius,
2343 4432 2406 4469 ex
2431 4431 2496 4469 eo
2521 4416 2934 4470 similitudinem
2964 4418 3424 4485 elegantissimam

168 4493 215 4542 in
247 4483 468 4541 musivo
499 4490 764 4551 (musaico
796 4492 955 4555 vulgo
976 4490 1231 4554 dicimus)
1265 4489 1472 4557 lapillo,
1500 4483 1594 4543 seu
1624 4483 1735 4543 tota
1770 4551 1803 4557 __
1827 4497 1849 4542 t
1874 4488 2095 4550 rahens,
2120 4496 2190 4557 iet
2236 4486 2289 4539 in
2344 4487 2620 4557 Albutium
2671 4486 2888 4550 ludens,
2942 4483 3086 4557 quod
3141 4486 3307 4541 refert
3353 4483 3425 4538 M.

168 4561 376 4612 musiva
418 4566 693 4612 structura
730 4551 1101 4621 continentur,
1150 4551 1420 4623 expressit
1447 4559 1736 4627 Theopha-
1770 4551 1815 4607 Ι)
1842 4557 2071 4619 Tullius,
2106 4556 2179 4608 De
2209 4569 2346 4610 orat.
2382 4556 2481 4611 lib.
2515 4572 2612 4609 Ill:

167 4646 282 4692 nes,
312 4642 451 4697 cum
477 4629 731 4697 templum
764 4630 893 4681 dicit
926 4646 939 4681 :
971 4629 1080 4682 Καὶ
1101 4628 1290 4697 χρυσῷ
1322 4628 1738 4695 διαυγέστατον,

169 4701 260 4750 καὶ
306 4696 512 4765 ψηφίσι
565 4698 985 4761 στιλπνότατον,
1048 4701 1145 4751 καὶ
1209 4701 1448 4766 γραφαῖς
1501 4698 1740 4767 ἀνθηρο-

167 4785 347 4828 τατον,
392 4768 540 4817 Auro
571 4768 1078 4831 splendidissimum,
1109 4768 1307 4836 lapillis
1357 4768 1737 4833 clarissimum,

170 4852 211 4890 et
256 4837 478 4900 picturis
505 4836 956 4903 ﬂorentissimum.
990 4836 1309 4903 Huiusmodi
1350 4852 1512 4906 porro
1543 4841 1737 4901 templa

172 4906 361 4959 musivi
407 4907 586 4971 operis
627 4906 938 4962 Grtecorum
975 4923 1125 4961 more
1174 4908 1314 4961 facta
1347 4906 1592 4961 videmus
1640 4906 1741 4961 Pa-

172 4976 347 5029 normi
393 4975 524 5037 duo,
551 4976 778 5029 alterum
828 4979 879 5029 in
930 4977 1130 5046 palatio
1177 4978 1421 5046 proregis
1466 4976 1526 5031 S.
1578 4975 1740 5031 Petro

171 5047 417 5117 apostolo
448 5046 728 5117 dicatum,
780 5049 921 5115 quod
975 5062 1064 5117 rex
1107 5045 1376 5117 Ro’gerius
1424 5047 1635 5111 erexit;
1687 5058 1742 5101 et

170 5131 301 5170 sane
331 5115 516 5186 simile
549 5115 673 5169 huic
704 5119 848 5182 quod
890 5118 941 5170 in
977 5115 1267 5171 Constant.
1316 5117 1520 5186 palatio
1567 5117 1736 5171 aedili-

170 5200 347 5238 catum
382 5184 474 5239 hic
510 5195 705 5239 auctor
735 5186 1030 5249 describit;
1070 5203 1192 5239 nam
1242 5184 1335 5239 ad_
1365 5188 1507 5239 illam
1560 5186 1737 5241 ideam

171 5256 303 5308 alias
334 5254 459 5307 aliis
493 5254 544 5307 in
580 5254 711 5309 locis
740 5272 769 5309 a
799 5256 1015 5321 regibus
1042 5258 1204 5311 etiam
1263 5254 1455 5311 North.
1504 5258 1741 5311 ειεξιόίιί-

169 5339 321 5379 catas
370 5339 494 5378 esse
538 5339 727 5394 sacras
755 5327 901 5380 aedes
929 5328 1205 5394 coniicio:
1240 5328 1471 5381 alterum
1512 5326 1565 5381 in
1611 5341 1737 5381 arca

171 5396 414 5464 praetorii
468 5408 505 5465 a7
548 5393 782 5462 Georgio
836 5395 1178 5465 Antiocheno
1230 5394 1449 5463 Rogerii
1502 5397 1737 5465 primunt

171 5466 387 5519 comitis
424 5464 618 5518 deinde
647 5466 811 5519 etiam
858 5464 1100 5531 ejusdem
1152 5468 1294 5532 regis
1336 5464 1615 5520 Admirato
1640 5482 1739 5522 ex-

168 5545 459 5599 structum,
521 5535 666 5602 quod
717 5536 874 5590 hodie
926 5537 1286 5590 ﬂarturanam
1347 5550 1625 5591 vocamus.
1685 5539 1736 5591 In

171 5619 352 5660 monte
396 5619 528 5658 vero
562 5608 726 5670 regali
760 5605 1153 5674 amplissimum
1199 5609 1325 5659 item
1372 5621 1438 5660 ac
1488 5607 1737 5673 magniﬁ-

171 5676 545 5745 centissimum
578 5676 770 5729 visitur
820 5690 848 5728 a
905 5675 1155 5729 Wilelmo
1200 5674 1240 5728 ll
1290 5676 1490 5731 Sicilia:
1554 5692 1677 5745 rege
1706 5693 1735 5731 ιι

175 5744 545 5799 liiudamentis
620 5746 914 5799 excitatum
972 5754 1025 5798 et
1072 5744 1635 5808 exaedilicatumhae
1674 5748 1734 5802 ι).

177 5814 348 5871 Maria:
381 5815 588 5885 Virgini
620 5826 1021 5881 consecratum,
1060 5815 1321 5873 Cteuobio
1350 5818 1512 5872 etiam
1546 5830 1735 5872 mona-

1849 4628 2019 4692 Quam
2047 4627 2215 4694 lepide
2241 4627 2397 4680 lexeis
2427 4628 2725 4693 σοηιροείιιι,
2757 4638 2812 4679 ιιι
2838 4627 3104 4682 tesserula:
3134 4641 3336 4685 omnes.

1846 4702 1974 4751 Arte
2006 4697 2302 4761 pavimento
2325 4707 2478 4765 atque
2500 4696 2807 4750 emblemate
2836 4698 3195 4765 vermiculato.

1846 4767 1926 4821 Ad
1956 4768 2007 4818 id
2039 4767 2201 4819 etiam
2238 4764 2421 4829 Quint.
2473 4767 2770 4833 respiciens
2818 4768 2909 4820 lib.
2961 4784 3012 4821 ιιι
3046 4785 3059 4821 :
3098 4764 3424 4827 Tesssrulas,

1847 4836 2041 4905 inquit.
2076 4845 2131 4888 ut
2162 4839 2241 4888 ait
2266 4835 2525 4899 Lucilius,
2559 4846 2726 4889 struet
2774 4846 2828 4889 et
2878 4838 3233 4891 vermiculate
3260 4837 3428 4890 lcxeis

1844 4906 2172 4959 committet.
2206 4906 2310 4960 Sed
2344 4907 2674 4974 principium
2710 4906 2932 4960 secundi
2975 4908 3235 4962 versiculi
3284 4906 3426 4971 apud

1845 4974 2080 5028 Plinium
2112 4975 2307 5043 legitur
2338 4975 2430 5027 lib.
2468 4991 2653 5031 xxxv1.
2692 4976 2821 5029 Arte
2854 4979 3252 5039 pavimentum;
3280 4988 3429 5029 utro-

1846 5046 2005 5114 bique
2043 5043 2203 5116 falso.
2244 5044 2575 5112 Legendum.
2598 5044 2750 5116 Endo
2778 5047 3076 5115 pavimento
3107 5046 3415 5116 ἀρχαϊκῶς,

1846 5124 1904 5167 ιιι
1944 5117 1997 5169 in
2055 5115 2325 5184 plerisque
2384 5116 2580 5185 legitur
2630 5115 2805 5172 libris.
2862 5117 2941 5169 Ad
2998 5132 3108 5171 rem
3152 5115 3175 5171 ι
3225 5116 3293 5169 de
3329 5118 3429 5168 hoc

1841 5199 2027 5253 opere,
2064 5195 2122 5239 ut
2156 5185 2451 5251 intelligam
2501 5186 2684 5254 potius
2720 5187 3132 5254 Theophanem,
3162 5202 3325 5253 quam
3359 5187 3427 5239 de

1842 5256 2116 5310 tessellato
2168 5256 2514 5321 pavimento,
2563 5258 2756 5310 suadet
2835 5256 3139 5310 similitudo
3185 5256 3425 5309 ﬂorum:

1842 5325 1985 5379 unde
2013 5326 2279 5388 coniicere
2301 5325 2434 5394 licet
2462 5327 2511 5378 id
2545 5327 2912 5391 pavimentum
2962 5328 3185 5379 calculis
3213 5326 3419 5394 ψηφίσι

1840 5395 2264 5449 versicoloribus
2292 5392 2463 5449 fuisse
2494 5395 2846 5462 picturatum,
2874 5396 3117 5464 adeoque
3152 5392 3259 5449 non
3281 5392 3289 5394 “
3312 5407 3428 5449 tes-

1841 5464 2009 5527 sellis.
2050 5465 2145 5519 sed
2198 5466 2498 5532 segmentis
2536 5466 2919 5519 minutissimis
2973 5467 3419 5520 vermiculatum.

1840 5533 1917 5589 De
1964 5535 2240 5590 tessellato
2266 5549 2399 5588 vero
2420 5536 2735 5605 pavimento
2759 5537 2874 5605 lege
2896 5535 3228 5599 Vitruvium,
3258 5536 3294 5589 l.
3325 5550 3424 5599 vn,

1840 5618 1962 5673 cap.
1994 5607 2045 5672 1,
2092 5605 2237 5674 apud
2285 5618 2444 5670 quem
2476 5604 2695 5659 differre
2739 5604 2946 5660 videbis
2990 5607 3303 5675 pavimenta
3358 5622 3426 5658 ex

1841 5678 2085 5740 tesseris,
2115 5686 2170 5729 et
2199 5675 2477 5729 sectilibus
2508 5676 2573 5727 ad
2613 5677 2872 5730 amussim
2913 5678 3219 5743 compactis
3279 5676 3425 5728 inter

1839 5758 1917 5799 se.
1951 5745 2246 5871 Su‘tatouius
2277 5746 2345 5800 de
2390 5742 2696 5800 Tessellato
2732 5747 2982 5803 meminit
3014 5742 3068 5799 in
3099 5746 3249 5801 Julio
3275 5744 3421 5801 Caes.

1840 5829 1961 5871 cau.
2084 5855 2096 5870 .

1840 5829 1961 5885 cap.
2008 5829 2096 5871 su.
