4168 6456
138 385 238 447 957

1543 386 1875 447 HOM‘ILIA
1913 393 2009 455 LV

3283 396 3386 457 953

133 500 231 552 Διά
260 498 405 551 τίδὲ
440 500 542 552 οὐκ
588 501 646 552 ὲν
707 498 1093 569 Ἰερουσαλὴμ,
1140 499 1252 551 ἀλλ’
1306 499 1384 562 εἰς
1432 498 1503 551 τὰ
1563 502 1706 570 μέρη

1820 502 2021 565 ﬁdeles,
2066 505 2313 559 indicans
2331 506 2766 572 coniunctionem
2802 506 3032 560 duarum
3064 503 3115 558 in
3149 520 3207 559 se
3236 518 3394 559 natu-

136 591 481 660 Καισαρείας
520 589 682 641 τοῦτο
712 593 893 656 ποιεῖ;
930 589 1081 659 Τάχα
1116 607 1217 642 που
1250 591 1340 643 τὸν
1383 589 1581 658 φθόνον
1616 591 1710 642 ἐκ·

134 682 332 734 κλίνων
383 682 492 735 τῶν
544 683 840 742 Ἰουδαίων,
888 685 983 735 καὶ
1034 683 1096 734 τὸ
1147 682 1324 750 δόγμα
1377 684 1608 735 ἐκείνων
1652 682 1714 734 τὸ

131 772 417 833 δυσσεὸές.
450 773 638 841 Δόγμα
672 772 780 841 γὰρ
810 772 1017 836 ἔθεντο,
1065 772 1152 824 ἵνα
1201 774 1351 835 ὅστις
1398 773 1711 842 ὁμολογήσῃ

135 864 301 915 αὑτὸν
328 865 587 933 Χριστὸν,
616 864 1054 930 ἀποσυνάγωγος
1080 865 1332 933 γένηται.
1374 865 1591 932 Ἐξάγει
1618 862 1713 919 οὖν
1742 924 1746 929 ,

134 958 259 1018 τοὺς
304 956 559 1027 μαθητὰς
586 956 680 1007 τοῦ
723 956 1013 1023 περιδεοῦς
1047 957 1214 1008 τόπου
1258 956 1475 1025 μακρὰν
1500 998 1512 1013 .
1546 958 1621 1020 ὡς
1651 959 1716 1011 ἂν

134 1046 331 1107 πτοίας
383 1050 474 1098 καὶ
504 1048 708 1109 δειλίας
740 1048 1149 1115 ἀπαλλαγέντες
1202 1048 1303 1117 τὴν
1331 1048 1539 1100 ἑαυτῶν
1572 1047 1713 1116 γνώ-

139 1156 247 1204 μην
281 1139 772 1207 ἀπαρακαλύπτως
817 1141 1155 1207 ὲμφὴνωσιν.
1200 1141 1275 1191 Οὐ
1328 1142 1506 1209 μάτην
1534 1142 1591 1194 δὲ
1621 1142 1714 1195 τοῦ

137 1229 308 1280 τόπου
351 1231 377 1280 ό
422 1232 818 1300 εὐαγγελιστὴς
857 1231 1264 1300 ἐμνημόνευσεν
1308 1231 1479 1293 οὕτως
1511 1234 1708 1286 εἰπών’

143 1340 159 1369 ι
212 1322 418 1373 Ἐλθὼν
474 1325 502 1375 ὀ
555 1322 765 1393 Ἰησοῦς
796 1326 877 1386 εξς
918 1324 987 1375 τά
1038 1324 1178 1392 μέρη
1236 1325 1579 1392 Καισαρείας
1615 1326 1714 1394 τῆς

138 1410 431 1465 Φιλίππου.
467 1431 486 1461 ο
536 1411 679 1463 Ἀλλ’
714 1412 904 1481 ἐπειδὴ
942 1412 1072 1481 ἔστη
1101 1415 1193 1465 καὶ
1217 1412 1353 1479 ἄλλη
1386 1413 1712 1483 Καισάρεια,

140 1503 169 1570 ἡ
204 1502 479 1571 λεγομένη
533 1502 625 1555 τοῦ
678 1504 1020 1573 Στράτωνος,
1080 1507 1169 1557 ἵνα
1206 1506 1279 1573 μή
1313 1522 1397 1567 τις
1435 1505 1611 1575 πλάνη
1652 1508 1716 1558 ἐκ

140 1595 236 1661 τῆς
269 1596 597 1663 ὁμωνυμίας
638 1596 866 1664 γένηται
899 1598 1013 1659 τοῖς
1042 1598 1345 1665 ἀκροαταῖς
1397 1598 1714 1664 ἀναγκαίως

136 1687 233 1755 τὴν
269 1687 598 1755 ὁμωνυμίαν
635 1686 920 1743 διέστειλε.

211 1796 231 1828 ι
255 1778 395 1830 τίνα
429 1797 493 1847 με
523 1779 778 1846 λέγουσιν
807 1782 859 1832 oi
888 1781 1168 1851 ἄνθρωποι
1195 1776 1335 1835 εἶναι
1354 1781 1445 1834 τὸν
1464 1780 1595 1834 Υίὸν
1616 1780 1712 1834 τοῦ

1824 610 2027 657 rarum,
2063 607 2120 649 ut
2150 597 2289 650 infra
2320 600 2546 652 dicetur.
2580 598 2761 665 Quare
2793 608 2972 652 autem
2999 613 3101 650 non
3137 596 3390 651 Hieroso-

1821 687 1981 756 lymae
2012 687 2111 741 hoc
2141 699 2381 756 praestat,
2404 692 2497 744 sed
2530 691 2579 743 in
2601 690 2847 759 partibus
2868 689 3127 743 Caesarea:
3145 688 3167 741 ?
3187 689 3391 749 Forsan

1825 789 1882 832 ut
1924 777 2230 832 Judaeorum
2280 780 2484 833 devitet
2516 782 2770 836 invidiam
2801 789 2856 833 ct
2890 780 3108 848 impium
3144 780 3269 833 illud
3303 781 3397 832 de-

1823 880 2062 937 cretum;
2090 874 2443 926 decreverant
2488 872 2630 927 enim
2664 884 2744 939 ut,
2779 874 2820 925 si
2845 873 2968 940 quis
3004 872 3176 938 ipsum
3220 872 3394 925 conli—

1825 972 2050 1023 teretur.
2103 974 2254 1017 extra
2303 965 2642 1035 Synagogam
2693 965 2931 1018 ﬁeret".
2967 965 3009 1016 Α
3060 963 3180 1017 loco
3232 964 3395 1031 igitur

1825 1054 2177 1108 formidoloso
2207 1055 2385 1107 educit
2422 1056 2578 1124 longe
2621 1054 2932 1122 discipulos,
2964 1064 3020 1107 ut
3052 1064 3195 1108 metu
3244 1054 3394 1109 omni

1825 1161 1887 1198 ac
1923 1143 2215 1199 formidine
2256 1146 2440 1208 soluti,
2469 1154 2652 1212 aperte
2673 1146 2996 1198 sententiam
3047 1161 3198 1199 suam
3229 1145 3395 1200 eﬂcr-

1827 1246 1967 1289 rent.
1996 1236 2179 1304 Neque
2214 1251 2340 1290 vero
2373 1237 2489 1290 sine
2521 1252 2685 1290 causa
2738 1236 2838 1289 loci
2894 1238 3218 1291 mentionem
3269 1237 3396 1293 fecit

1822 1325 2177 1394 evangelista,
2222 1326 2304 1378 his
2337 1326 2553 1379 verbis:
2593 1345 2610 1378 ι
2640 1325 2890 1394 Νθιιίοηε
2919 1325 3075 1382 Jesus
3114 1328 3166 1380 in
3216 1341 3397 1396 partes

1822 1415 2082 1469 Ctesarea'.
2130 1415 2378 1484 Philippi.
2415 1435 2433 1467 ι
2469 1415 2602 1469 Nam
2656 1419 2911 1487 quoniam
2956 1426 3039 1472 est
3077 1418 3241 1471 etiam
3293 1419 3396 1471 alia

1824 1504 2068 1557 Ctesarea
2107 1504 2377 1561 Stratonis
2403 1505 2516 1575 (Si)
2541 1508 2703 1572 dicta,
2730 1522 2794 1561 ne
2814 1508 2937 1576 quis
2961 1522 3024 1562 ex
3044 1508 3399 1576 ambiguitate

1824 1597 2101 1649 nominum
2133 1597 2475 1651 auditoribus
2505 1612 2664 1652 error
2702 1598 3012 1667 obreperet,
3041 1613 3160 1652 eam
3200 1599 3398 1653 distiu-

1823 1689 2001 1740 ctione
2033 1688 2217 1742 tollere
2257 1692 2623 1745 necessarium
2660 1691 2834 1744 visum
2872 1699 2977 1744 est.

1898 1796 1917 1828 ι
1957 1778 2125 1843 Quem
2153 1795 2237 1832 tue
2258 1780 2447 1833 dicunt
2466 1784 2709 1836 homines
2728 1796 2847 1836 esse
2873 1779 3071 1835 Filium
3098 1782 3392 1834 hominis‘h

138 1868 465 1937 ἀνθρώπου;
501 1889 520 1920 ι
568 1870 685 1924 Οὐκ
715 1868 897 1935 εἶπεν,
942 1872 1076 1925 Τίνα
1110 1889 1179 1940 με
1219 1871 1473 1940 λέγουσιν
1520 1874 1569 1924 οἱ
1622 1871 1717 1924 ἇν-

1825 1867 1939 1921 Non
1980 1870 2115 1923 dixit
2148 1888 2160 1924 ε
2190 1870 2361 1937 Quem
2406 1887 2491 1926 me
2530 1872 2715 1925 dicunt
2754 1874 3004 1927 homines
3048 1888 3168 1927 esse
3205 1873 3396 1926 Filium

137 1960 351 2029 θρωποι
401 1955 557 2014 εἶναιΧ
604 1965 694 2014 τὸν
748 1963 877 2015 Υἱδν
928 1963 1025 2015 τοῦ
1080 1964 1250 2028 Θεοῦ;
1300 1964 1568 2016 ἐκκλίνων
1620 1964 1715 2016 τοῦ

137 2050 357 2118 κόμπου
413 2054 480 2104 τὰ
506 2056 750 2123 ῥήματα,
795 2054 910 2106 ἀλλ’
945 2055 1070 2124 ἐμὲ,
1103 2056 1264 2123 φησὶ,
1296 2055 1389 2107 τὸν
1426 2056 1719 2124 γενόμενον

139 2144 453 2213 ἄνθρωπον,
524 2148 617 2198 τὸν
679 2150 738 2199 ὲν
799 2149 1042 2216 σχήματι
1118 2148 1309 2201 δούλου
1373 2148 1716 2217 φαινόμενον.

138 2238 273 2289 osa:
316 2240 446 2307 περὶ
517 2238 829 2308 Φαρισαίων
877 2241 970 2292 καὶ
1022 2240 1404 2311 Γραμματὲων
1462 2240 1721 2308 φιλοπευ-

141 2328 298 2378 στεῖ’
356 2326 490 2380 Τίνα
546 2346 614 2397 με
674 2327 927 2396 λέγουσιν
980 2332 1028 2382 οί
1090 2330 1447 2400 Γραμματείς
1505 2332 1599 2382 καὶ
1670 2330 1719 2381 ei

139 2419 361 2486 ἕξαρχοι
409 2420 504 2471 τοῦ
545 2420 677 2472 λαοῦ
699 2438 713 2485 ;
736 2421 852 2490 ᾔδει
871 2423 979 2493 γὰρ
999 2423 1089 2474 τὸν
1114 2424 1170 2475 ὲν
1192 2424 1377 2486 αὐτοῖς
1401 2423 1495 2477 τοῦ
1522 2424 1717 2491 φθόνου

139 2508 377 2572 καπνὸν,
430 2508 559 2570 ὅσος
629 2509 1043 2577 ὑποτυφόμενος
1100 2505 1369 2578 ἦν’ἀλλὰ
1427 2513 1556 2581 περὶ
1622 2510 1718 2563 τοῦ

139 2599 419 2651 ἀπλάστου
496 2599 591 2652 καὶ
668 2600 880 2652 ἀκάκου
943 2601 1100 2655 λαοῦ.
1167 2602 1334 2654 Ὅθεν
1382 2604 1430 2654 oi
1477 2603 1720 2672 μαθηταὶ

136 2700 239 2761 τὴν
266 2694 530 2763 διάφορον
563 2692 672 2747 τῶν
703 2695 801 2747 ἀνθ
813 2694 1012 2763 ρώπων
1030 2697 1159 2764 περὶ
1176 2696 1340 2747 αὑτοῦ
1358 2696 1511 2759 δόξαν
1534 2699 1721 2765 σαφῶς

142 2784 505 2853 ἐπιστάμενοι
552 2786 981 2855 ἀποκρίνονται·
1032 2805 1050 2837 ι
1091 2788 1152 2840 Ol
1188 2788 1288 2854 μὲν
1340 2786 1591 2858 Ἰωάννην
1628 2789 1722 2841 τὸν

144 2877 479 2948 Βαπτιστὴν,
510 2877 661 2931 ἄλλοι
690 2878 748 2931 at
787 2879 998 2943 Ἠλίαν,
1027 2880 1059 2946 ἦ
1091 2879 1185 2931 ἕνα
1213 2880 1321 2931 τῶν
1351 2880 1668 2950 προφητῶν.
1694 2899 1713 2932 ι

145 2971 207 3021 Τί
239 2970 336 3023 οὖν
370 2971 433 3020 τὸ
464 2972 660 3023 πεῖσαν
682 2972 813 3031 τοὺς
846 2972 1039 3040 δχλους
1084 2971 1216 3040 περὶ
1256 2970 1495 3039 Χριστοῦ
1545 2971 1719 3024 τοιάδε

143 3064 431 3127 ύπονοεῖνς
467 3062 560 3133 Μὴ
592 3064 701 3132 γὰρ
726 3065 827 3114 ούκ
855 3062 1097 3131 ᾔδεισαν,
1128 3064 1210 3115 ὅτι
1252 3062 1452 3114 Ἠλίαν
1496 3062 1596 3131 μὲν
1645 3062 1721 3125 ὼς

144 3157 219 3216 εἰς
245 3156 516 3223 οὐρανοὺς
551 3154 884 3223 άνηρείψτιτο
908 3157 940 3225 ἡ
968 3154 1079 3207 τῶν
1125 3155 1409 3225 φλογερῶν
1456 3157 1719 3225 ἁρμάτων

144 3248 420 3309 ὲπίόασις,
453 3248 546 3299 καὶ
572 3249 603 3315 ὴ
634 3248 935 3315 τέθριππος
968 3246 1077 3298 τῶν
1115 3248 1358 3315 πυρίνων
1379 3248 1561 3299 ἵππων
1598 3247 1720 3298 ὲπί-

144 3336 358 3403 ζευξιςς
426 3339 685 3407 Ἰωάννην
732 3338 790 3391 δὲ
848 3337 1281 3407 ἐπεφονεύκειή
1334 3342 1434 3405 τῆς
1480 3338 1719 3408 Ἡρώδου

148 3431 397 3498 μοιχείας
444 3430 706 3490 ὑπόθεσις
748 3430 842 3482 καὶ
896 3430 995 3496 τῆς
1033 3431 1409 3497 ποδοστρόφου
1449 3430 1721 3498 μαχλάδος

145 3523 491 3591 ἠ,δρχησις;
554 3521 827 3591 Ἱερεμίας
879 3522 937 3574 δὲ
980 3522 1151 3584 λίθοις
1186 3522 1555 3583 ἀποκτανθεὶς
1600 3525 1720 3575 ἐτε-

144 3614 362 3676 laico-.0;
402 3614 545 3665 Ἀλλ’
572 3614 760 3683 ἐπειδὴ
793 3616 1033 3682 Μωῧσῆς
1066 3616 1164 3681 μὲν
1196 3615 1445 3682 περὶτῆς
1472 3615 1715 3667 ἀναστά-

148 3722 282 3768 σεως
344 3706 501 3759 οὐδέν
574 3724 626 3758 τι
685 3707 1228 3775 ἁνακεκαλυμμένως
1303 3708 1715 3776 ὲνομοθέτησε’

147 3800 359 3865 πρῶτος
411 3800 469 3851 δὲ
522 3799 688 3851 Δαὸὶδ
725 3798 897 3851 εἰπὼν
935 3800 1062 3867 περὶ
1102 3800 1486 3862 ἀναστάσεως,
1529 3800 1592 3852 οὐ
1622 3818 1720 3871 τη-

146 3892 361 3957 λαυγῶς
392 3890 565 3955 ἔδειξε
595 3892 653 3945 τὸ
688 3894 987 3961 μυστήριον
1008 3909 1020 3921 ’
1046 3894 1093 3944 σί
1139 3893 1415 3961 προφῆται
1472 3893 1529 3945 δὲ
1581 3911 1716 3946 σπο-

149 3982 310 4051 ράδην
364 3984 639 4051 ἐνέφηναν
684 3984 1103 4051 αίνιγματωδῶς
1134 3985 1233 4052 τὴν
1269 3984 1588 4047 ἀνάστασιν,
1630 3985 1717 4037 διὰ

146 4072 295 4125 τοῦτο
347 4073 629 4140 διαφόροις
684 4072 864 4136 δόξαις
914 4075 1011 4126 καὶ
1063 4076 1447 4142 πλανωμέναις
1495 4076 1720 4127 ὲταλαν-

147 4163 385 4217 τεύοντο.
420 4164 613 4232 ’ῼοντο
638 4162 747 4233 γὰρ
772 4166 830 4216 ἐν
863 4165 941 4230 τῷ
975 4166 1205 4235 παρόντι
1239 4166 1339 4235 βίῳ
1370 4166 1717 4235 ἐνεργεῖσθαι

148 4254 236 4322 την
269 4254 382 4306 τῶν
415 4255 629 4323 νεκρῶν
683 4254 1005 4309 ἀναϐίωσιν.
1066 4258 1176 4308 Καὶ
1215 4259 1355 4325 τάχα
1412 4259 1616 4321 ταύτης
1650 4256 1718 4330 ἦν

148 4345 238 4410 τῆς
270 4347 433 4415 δνὶξης
497 4348 593 4399 καὶ
622 4350 649 4399 ό
679 4348 988 4417 τετράρχης
1024 4347 1292 4417 Ἡρώδης,
1316 4350 1374 4411 ὃς
1404 4350 1717 4415 ἐνωτισθεὶς

148 4438 233 4489 τοῦ
257 4437 471 4505 Κυρίου
501 4438 570 4488 τά
605 4435 884 4505 θαύματα,
920 4436 1060 4506 ᾤετο
1084 4438 1716 4493 ἀναϐεϐιωκέναιΊωάν-

150 4547 240 4597 νην
294 4531 389 4581 τὸν
440 4529 777 4598 Βαπτιστήν.
826 4531 918 4581 Διὸ
962 4531 1056 4582 καὶ
1107 4530 1333 4597 ἔλεγεν·
1391 4550 1409 4581 ι
1472 4535 1569 4585 Ὃν
1605 4534 1717 4601 ἐγὼ

150 4622 529 4686 ἀπεκεφάλισα
547 4620 821 4691 Ἰωάννην,
843 4620 1001 4681 αὐτὸς
1020 4622 1320 4690 ἐγήγερται
1351 4623 1416 4674 ἐκ
1443 4624 1709 4692 νεκρῶν.»

163 4711 250 4761 Ἐκ
302 4710 516 4778 ταύτης
549 4708 643 4761 οὖν
679 4712 776 4776 τῆς
810 4710 1175 4778 προφάσεως,
1231 4710 1281 4761 οί
1316 4711 1417 4777 μὲν
1461 4713 1718 4781 Ἰωάννην

151 4801 304 4852 αὺτὸν
355 4797 499 4853 εἶναι
565 4798 826 4863 εἴκαζον,
865 4802 914 4852 oi
967 4801 1025 4852 δὲ
1071 4800 1375 4870 Ἰερεμίαν,
1435 4803 1527 4853 καὶ
1568 4803 1718 4858 ἄλλοι

161 4889 359 4944 Ἠλίαν.
400 4894 565 4961 Φήμη
600 4892 710 4963 γὰρ
748 4893 1068 4961 ἐπεκράτει,
1103 4893 1177 4955 ώς
1210 4893 1329 4963 ἥξει
1356 4894 1517 4946 πάλιν
1535 4895 1719 4960 Ἠλίας

150 4983 237 5037 ἐπὶ
260 4988 361 5052 τῆς
397 4988 526 5053 γῆς.
568 4984 915 5051 Ἐλεγκτικὸν
952 4982 1047 5037 οὖν
1085 4985 1324 5054 ὁρῶντες
1354 4984 1445 5037 τὸν
1485 4986 1715 5055 Κύριον,

149 5075 568 5145 ἐπιστομίζοντα
624 5075 763 5145 μετὰ
849 5077 1160 5147 παρρησίας
1207 5078 1335 5139 τοὺς
1385 5078 1717 5148 Φαρισαίους

210 5218 255 5248 ³⁸
286 5216 444 5271 Joan.
476 5230 553 5283 ιι,
591 5214 681 5268 27.
759 5214 805 5245 "
832 5213 897 5268 IV
932 5214 1063 5283 Reg.
1100 5230 1158 5278 η,
1198 5215 1282 5268 12.

1821 1960 1960 2014 Dei?
1993 1970 2046 2013 ut
2103 1962 2355 2016 elationis
2411 1962 2575 2016 verba
2631 1963 2865 2029 vitaret;
2920 1964 3014 2017 sed
3075 1980 3183 2027 me,
3238 1964 3396 2029 dixit,

1823 2054 2093 2106 hominem
2140 2054 2363 2119 factum,
2390 2056 2443 2107 in
2484 2056 2670 2110 habitu
2711 2056 2851 2109 servi
2885 2068 3257 2124 apparentem.
3290 2056 3397 2109 Ne-

1824 2160 1929 2212 que
1956 2159 2087 2199 vero
2123 2146 2188 2199 de
2236 2144 2522 2201 Pharisaeis
2553 2158 2605 2201 et
2653 2146 2860 2200 Scribis
2912 2148 3177 2216 inquirit:
3228 2148 3395 2214 Quem

1824 2254 1909 2291 me
1952 2238 2138 2292 dicunt
2194 2236 2418 2301 Seribze,
2476 2249 2531 2293 et
2594 2239 2869 2309 principes
2925 2237 3146 2308 populi?
3196 2241 3402 2293 sciebat

1822 2322 1964 2375 enim
1998 2333 2234 2389 quantus
2265 2323 2370 2374 illis
2404 2321 2610 2376 oliusus
2645 2332 2788 2375 esset
2813 2322 3025 2375 invidia:
3061 2322 3273 2386 finitus;
3305 2324 3399 2376 sed

1822 2416 1887 2467 de
1923 2415 2115 2482 popqu
2144 2415 2379 2468 versutie
2407 2430 2471 2467 ac
2502 2415 2705 2467 malitia
2741 2430 2933 2468 vacuo.
2971 2415 3120 2469 Unde
3150 2415 3398 2482 discipuli

1822 2522 1946 2560 cum
1985 2508 2143 2574 plane
2176 2507 2379 2560 scirent
2409 2506 2723 2561 diderentes
2772 2508 2838 2560 de
2864 2522 2930 2561 co
2968 2508 3148 2575 populi
3184 2507 3399 2575 Opinio-

1824 2613 1941 2661 nes,
1979 2599 2378 2667 responderunt
2408 2615 2422 2651 :
2468 2617 2486 2648 r
2527 2599 2628 2651 Alii
2660 2599 2919 2652 Joannem
2952 2598 3275 2667 Baptistam,
3310 2599 3398 2651 alii

1824 2704 1952 2743 vero
1997 2689 2166 2743 Eliam
2210 2702 2303 2743 aut
2346 2706 2510 2743 unum
2545 2707 2608 2743 ex
2639 2692 2935 2760 prophetis.
2977 2710 2995 2742 ι
3031 2692 3170 2758 Quid
3219 2702 3396 2744 autem

1827 2783 2083 2851 populum
2124 2782 2176 2834 in
2232 2797 2325 2835 eas
2369 2784 2435 2837 de
2480 2783 2697 2836 Christo
2743 2785 3023 2853 Opiniones
3076 2784 3398 2838 induxerat!

1824 2874 1902 2926 An
1931 2873 2258 2943 ignorabant
2287 2875 2456 2927 Eliam
2484 2875 2699 2944 quidem
2734 2876 3008 2929 ﬂatnmato
3036 2891 3202 2929 curru
3231 2875 3395 2929 veluti

1823 2978 2128 3034 correptum
2190 2969 2240 3020 in
2276 2968 2474 3020 cadum
2526 2968 2661 3037 (65),
2710 2977 2763 3021 et
2811 2969 3093 3036 igneorum
3135 2982 3396 3036 equorum

1822 3057 2080 3128 quadriga
2112 3060 2431 3113 subvectum
2465 3060 2553 3112 "?
2578 3058 2844 3112 Joannem
2872 3075 2996 3113 vero
3029 3076 3125 3130 per
3151 3062 3398 3114 occasio-

1747 3191 1791 3249 ο
1826 3164 1947 3203 nem
1990 3150 2242 3204 adulterii
2279 3150 2507 3205 Herodis
2538 3163 2589 3203 et
2633 3152 2844 3205 lascivae
2873 3153 3059 3217 puellae
3106 3152 3397 3218 perniciter

1824 3243 2070 3297 saltantis
2101 3242 2391 3297 occisum?
2425 3242 2715 3297 Jeremiam
2752 3259 2879 3298 vero
2936 3245 3202 3311 lapidibus
3239 3259 3396 3298 exse-

1820 3346 1967 3389 cmm
1994 3344 2155 3404 atque
2208 3336 2689 3389 consummatum?
2731 3342 2823 3390 sed
2867 3337 3123 3405 quoniam
3181 3336 3391 3406 Moyses

1821 3434 2042 3502 quidem
2115 3434 2183 3486 de
2248 3435 2646 3487 resurrectione
2698 3433 2827 3487 nihil
2869 3434 2921 3485 in
2968 3435 3083 3502 lege
3140 3434 3393 3498 dixerat;

1820 3526 2028 3595 primus
2079 3541 2206 3579 vero
2239 3527 2402 3579 David
2429 3527 2495 3581 de
2528 3528 2924 3581 resurrectione
2949 3527 3156 3581 locutus
3186 3527 3345 3595 3'73
3371 3567 3387 3590 .

1821 3636 1925 3672 non
1955 3626 2134 3672 tamen
2168 3627 2351 3685 aperte
2384 3620 2698 3689 mysterium
2744 3619 3081 3687 explicarat;
3118 3621 3394 3687 prophetae

1820 3728 1951 3768 vero
2037 3714 2271 3781 sparsim
2323 3724 2372 3766 et
2440 3728 2534 3781 per
2588 3714 2871 3782 amigmata
2929 3712 3391 3766 resorrectionem

1822 3807 2214 3877 signiticaraut,
2263 3806 2382 3860 ideo
2430 3806 2661 3861 diversis
2698 3806 3001 3859 errantibus
3050 3806 3393 3873 opinionibus

1820 3899 2101 3965 suspensis
2138 3898 2477 3950 tenebantur.
2514 3899 2723 3951 Etenim
2768 3899 2819 3950 itt
2852 3899 2948 3951 hac
2982 3898 3089 3951 vita
3136 3907 3397 3964 prmsente

1821 3989 2274 4042 resurrectionem
2307 3990 2581 4041 haminum
2608 3990 2965 4056 peragendam
2991 3989 3393 4042 existimabant.

1821 4079 1885 4133 Et
1907 4080 2157 4134 fortassis
2183 4080 2234 4132 in
2258 4079 2359 4133 bac
2388 4090 2507 4134 erat
2540 4081 2790 4149 opinione
2821 4079 3063 4134 Herodes
3098 4082 3394 4142 tetrareba,

1822 4172 1939 4239 qui,
1972 4170 2184 4225 Domini
2224 4172 2420 4225 auditis
2467 4172 2767 4235 miraculis,
2795 4170 3058 4226 Joannem
3092 4172 3388 4240 Baptistam

1824 4265 2190 4319 resurrexisse
2233 4265 2530 4328 censebat;
2562 4266 2703 4317 unde
2747 4264 2963 4318 dicebat
2992 4283 3004 4315 :
3048 4283 3064 4315 ι
3098 4264 3264 4329 Quem
3298 4278 3396 4329 ego

1822 4356 2077 4411 decollari
2104 4354 2366 4410 Joannem
2401 4357 2513 4426 ipse
2544 4356 2782 4409 surrexit
2820 4372 2847 4408 a
2885 4356 3114 4409 mortuis
3146 4356 3213 4409 ”.
3258 4373 3275 4404 ›
3316 4352 3391 4407 Ex

1823 4450 1924 4503 hac
1948 4448 2109 4516 igitur
2133 4463 2308 4501 causa:
2333 4448 2511 4515 specie
2533 4446 2622 4499 alii
2651 4445 2940 4510 Joannem,
2968 4448 3056 4500 alii
3078 4445 3390 4507 Jeremiam,

1823 4539 1910 4592 alii
1944 4536 2115 4589 Etiam
2150 4537 2436 4590 Dominum
2476 4540 3056 4606 esse‘suspicalmntur.
3089 4535 3207 4589 Jam
3248 4536 3389 4587 enim

1821 4630 2128 4685 obtinuerat
2181 4630 2323 4684 fama
2364 4641 2652 4685 venturum
2692 4646 2879 4683 rursus
2916 4631 2966 4682 in
2994 4639 3168 4683 terras
3195 4626 3390 4679 Eliam.

1822 4720 1954 4773 Cum
1989 4722 2149 4789 igitur
2193 4722 2475 4774 Dominum
2530 4721 2907 4788 castigatorem
2956 4734 3075 4773 esse
3125 4719 3391 4781 viderent,

1822 4824 2123 4879 magnaque
2177 4825 2298 4864 cum
2372 4810 2623 4864 libertate
2678 4810 2981 4864 Pharisaeos
3063 4808 3391 4877 Set-ibasque

1820 4902 2253 4969 redarguentem,
2274 4901 2444 4955 Eliam
2460 4902 2605 4956 illum
2632 4917 2749 4956 esse
2771 4903 2953 4955 animo
2976 4918 3072 4955 suo
3100 4903 3390 4971 ﬁngebant.

1817 4990 1919 5043 Alii
1954 5006 2079 5044 vero
2122 4993 2438 5059 sapientiam
2472 4993 2539 5045 ab
2572 4993 2689 5061 ipso
2737 4992 2856 5060 ejus
2908 4993 3122 5059 ingenio
3164 5006 3269 5042 non
3321 4990 3392 5041 ab

1820 5083 1923 5135 ulla
1942 5083 2222 5152 disciplina
2248 5082 2546 5151 proiectam
2572 5093 2886 5152 reputantes
2903 5083 3387 5153 obstupescebant;

1362 5215 1408 5246 "
1437 5214 1604 5271 Marc.
1642 5234 1717 5283 vr,
1751 5220 1839 5274 16.

1369 5329 1692 5394 Francisci
1725 5335 1937 5396 Scorsi
1972 5346 2160 5399 notae.

212 5459 319 5524 (δι)
356 5458 476 5511 Alia
526 5456 771 5512 Cmam:
806 5451 1098 5508 Stratonis.
1145 5450 1369 5524 Joseph.
1428 5454 1519 5509 lib.
1570 5472 1585 5511 t
1638 5459 1712 5513 De

152 5522 271 5583 bello
303 5529 554 5590 Juduiro,
588 5542 707 5593 cap.
747 5525 834 5587 l6.
864 5535 918 5578 et
944 5524 1037 5578 lib.
1073 5538 1138 5575 sv
1169 5522 1429 5590 Antiquit.
1469 5541 1589 5596 cap.
1622 5529 1708 5595 15,

150 5613 193 5653 ct
226 5600 541 5667 Ilieronym.
585 5598 682 5649 hoc
722 5598 857 5667 loco.

212 5669 320 5737 (65)
346 5663 660 5732 Correptum
685 5669 736 5717 in
761 5665 969 5737 cmlum.
996 5663 1167 5737 Ornat
1196 5675 1248 5718 et
1275 5674 1433 5734 auget
1460 5666 1562 5719 hoc
1590 5667 1708 5723 loco

151 5734 310 5792 sacer'
330 5747 520 5791 orator
548 5738 711 5791 verbo
743 5736 951 5804 poetico
972 5734 1297 5805 orationem.
1328 5739 1457 5805 dum
1491 5747 1704 5805 raptqu

151 5808 267 5862 liiix
301 5811 353 5864 in
386 5809 591 5864 εωιυηι
632 5801 921 5875 τίισνισιιθ
950 5801 1163 5874 poetico
1197 5804 1449 5877 exylicat,
1483 5801 1703 5863 eo'usus

1819 5460 1977 5516 "out.
2018 5463 2212 5532 Odyss.
2250 5462 2317 5528 ζ’.
2353 5464 2483 5520 Vide
2518 5467 2877 5521 Eustathium.
2906 5468 3196 5520 Detluctum
3234 5477 3317 5521 est
3351 5482 3387 5521 ιι

1815 5535 2000 5607 ξἐτὺοΔ
2042 5536 2402 5602 ἀνερείπτειν.
2475 5537 2652 5607 Etym.
2713 5556 2849 5603 mag.
2896 5539 3042 5590 ἔστιν
3100 5539 3206 5605 ἄρα
3251 5539 3385 5606 ί)γῆ

1812 5602 1876 5676 ἐκ
1910 5604 2104 5676 τούτου
2133 5607 2342 5672 γίνεται
2363 5602 2576 5673 ὲρέπτὼ
2595 5608 2656 5660 τὸ
2682 5611 2759 5670 εἰς
2788 5609 2890 5676 γῆν
2910 5602 3380 5671 καταϐάλλω,καὶ

1809 5673 2114 5750 ἀνερέπτω,
2181 5677 2647 5750 καὶΑπλεονασμῴ
2692 5673 3167 5750 τιυῦάνερείπτει.
3224 5678 3387 5735 Unde

1806 5743 2168 5815 ἀνηρείψαντο
2201 5746 2249 5798 οἱ
2287 5745 2399 5800 θεοὶ
2424 5748 2532 5799 ἀπὸ
2563 5743 2661 5818 τῆς
2697 5750 2801 5818 γῆς
2837 5743 3184 5825 ἀνήρπασαν.
