4168 6456
740 387 852 455 959

1950 392 2442 455 THEOPHANIS
2478 395 2821 458 CERAMEI

3888 400 3994 463 960

742 512 903 571 atque
964 502 1165 557 idcirco
1219 502 1521 557 chehant:
1569 522 1587 555 ι
1633 498 1914 567 Quomodo
1966 504 2054 557 hic
2106 504 2316 557 litteras

2422 506 2510 557 καὶ
2546 504 3122 576 Γραμματεϊς,Ἦλέαν
3148 504 3315 560 αὐτὸν
3342 505 3907 573 ὑπετόπαςον,”Δλλοι
3939 512 3995 563 δὶ

737 594 865 659 srit,
893 609 1016 648 cum
1042 610 1145 647 non
1165 594 1411 648 didicerit
1432 595 1476 626 “
1492 593 1628 648 iiEa
1645 594 1712 649 de
1734 610 1896 649 causa
1915 594 2203 649 Jeretniam
2230 595 2312 660 ip-

740 702 859 739 sum
886 687 1243 753 appellabant.
1266 685 1528 739 Jeremias
1546 688 1687 739 enim
1717 687 2014 741 etiamnum
2046 700 2178 755 puer
2203 684 2313 754 (66)

742 776 809 827 ad
846 775 1184 842 prophetiam
1236 784 1456 829 evectus
1504 784 1608 829 est.
1646 775 1817 843 Igitur
1848 791 1968 830 cum
2019 777 2311 830 multorum

742 865 808 919 de
848 881 906 920 se
939 867 1249 932 OpiniOnem
1281 867 1543 931 audisset,
1573 866 1723 934 quasi
1765 881 1858 921 eas
1897 868 2228 937 improbans,
2259 878 2315 921 ut

740 971 860 1023 qua:
900 973 1003 1010 non
1040 958 1369 1027 attingerent
1412 960 1730 1024 veritatem,
1774 959 2072 1015 clementer
2128 975 2316 1014 rursus

739 1048 1094 1117 interrogavit
1122 1068 1135 1104 :

819 1335 837 1369 ι
879 1318 981 1371 Vos
1007 1326 1181 1371 autem
1205 1330 1362 1385 quem
1396 1332 1480 1372 me
1508 1331 1625 1372 esse
1652 1316 1874 1371 dicitis?
1906 1336 1922 1368 ι
1952 1316 2100 1383 Esto,
2122 1317 2315 1384 inquit,

743 1408 1103 1461 multitudinis
1156 1407 1489 1461 existimatio
1539 1407 1591 1461 in
1644 1414 1752 1460 tam
1810 1408 2010 1462 multas
2060 1408 2316 1460 distracta

741 1503 946 1561 partes,
980 1504 1031 1548 et
1058 1494 1376 1548 inconstans
1409 1495 1516 1557 sit;
1553 1508 1649 1547 vos
1678 1506 1855 1548 autem
1882 1496 1970 1562 qui
2004 1495 2069 1547 de
2102 1507 2184 1546 me
2210 1503 2317 1546 tam

741 1584 961 1653 longum
1006 1585 1223 1653 cepistis
1275 1584 1740 1653 experimentum,
1772 1600 1930 1653 quam
1962 1602 2024 1638 ex
2068 1585 2320 1652 Operibus

742 1677 1069 1745 eunet-pistis
1102 1679 1450 1747 Opinionem?
1482 1678 1581 1732 Hic
1630 1680 1809 1733 caeleri
1851 1679 2099 1748 discipuli
2147 1680 2319 1733 haere-

741 1770 872 1821 bant
893 1784 906 1820 :
931 1766 1020 1820 alii
1047 1769 1187 1835 quod
1214 1769 1461 1822 fortassis
1501 1770 1799 1822 etiamnum
1829 1771 2090 1838 ancipites
2113 1781 2316 1834 essent;

741 1855 833 1908 alii
867 1871 992 1909 vero
1023 1867 1273 1909 verentes
1320 1870 1388 1909 ne
1438 1858 1710 1910 temerarii
1759 1858 2093 1910 viderentur.
2125 1857 2318 1912 Petrus
2352 1845 2391 1898 θ

740 1959 918 2003 autem
973 1950 1363 2017 discipulorum
1420 1964 1555 2019 apex
1589 1950 1725 2019 (67),
1776 1952 2080 2005 communis
2135 1952 2316 2021 lingua

740 2041 1241 2110 condiscipulorum
1290 2043 1506 2095 exsistit
1533 2058 1547 2096 :
1579 2053 1633 2097 et
1664 2058 1827 2112 supra
1858 2043 2039 2097 omnia
2095 2044 2314 2097 sensilia

743 2143 925 2188 mente
956 2135 1219 2198 sublatus,
1260 2150 1385 2189 aera
1423 2136 1796 2198 transvolavit,
1825 2151 2203 2204 supergressus
2235 2146 2319 2189 est

741 2224 965 2282 aethera.
1000 2221 1140 2275 infra
1194 2238 1253 2277 se
1298 2234 1445 2277 astra
1486 2224 1735 2290 reliquit,
1784 2237 2093 2290 supremum
2154 2225 2316 2276 etiam

742 2324 1133 2379 praetervectus
1155 2324 1237 2367 est
1268 2317 1566 2382 sphaeram,
1600 2324 1655 2367 et
1687 2330 1809 2366 eum
1852 2314 2109 2381 sejunctis
2143 2329 2171 2366 a
2200 2328 2316 2366 ma-

743 2408 881 2460 teria
913 2408 1185 2461 mentibus
1227 2407 1521 2469 imtnistus,
1550 2416 1598 2460 el
1646 2407 1830 2475 igneos
1870 2405 2153 2475 Serapltim
2205 2405 2321 2459 ﬂu-

740 2501 858 2553 vios
886 2500 1301 2561 transcenderis,
1330 2508 1383 2551 et
1411 2516 1437 2549 a
1468 2497 1628 2551 Patre
1661 2501 1725 2551 de
1756 2499 2058 2551 clarissima
2090 2514 2321 2567 genera-

742 2592 888 2646 tione
931 2590 1201 2661 Unigeniti
1252 2596 1477 2646 edoctus
1532 2593 1889 2662 theologicam
1934 2593 2077 2645 illam
2130 2593 2321 2646 extulit

741 2697 951 2736 vocem:
975 2682 1087 2735 «Tu
1118 2698 1178 2737 es
1210 2684 1455 2737 Christus
1486 2683 1656 2737 Filius
1680 2684 1771 2738 Dei
1796 2685 1939 2748 vivi;
1968 2702 1985 2735 ι
2007 2681 2121 2736 Non
2142 2686 2321 2737 carnis

739 2775 1005 2841 profecto,
1033 2786 1124 2828 aut
1144 2777 1424 2844 sanguinis
1449 2776 1727 2837 revelatio,
1752 2776 1845 2829 sed
1866 2775 2104 2829 calestis
2124 2776 2321 2830 Patris.

739 2867 1037 2922 Considera
1092 2871 1235 2923 enim
1284 2883 1483 2936 quanta
1544 2869 1596 2922 in
1648 2886 1755 2923 uno
1802 2870 1946 2923 dicto
2004 2870 2320 2923 abscondita

741 2963 812 3015 sit
841 2961 1034 3016 divina:
1069 2956 1328 3015 doctrinae.
1363 2962 1729 3031 profunditas.
1761 2962 2015 3014 Salvator
2046 2962 2188 3013 enim
2234 2960 2316 3013 itt-

743 3066 1047 3125 terrogarat
1072 3070 1085 3105 :
1108 3054 1326 3120 t‘Quetn
1361 3070 1447 3107 me
1479 3056 1667 3107 dicunt
1703 3054 1949 3107 bantines
1974 3066 2094 3106 esse
2123 3051 2316 3105 Filium

742 3150 907 3221 374,
942 3148 1213 3204 hominis?
1245 3170 1262 3201 ι
1310 3151 1599 3202 humanam
1666 3158 1914 3200 naturain
1982 3147 2318 3215 apposntione

743 3244 864 3297 Filii
905 3244 1162 3308 hominis,
1197 3242 1465 3296 indicans.
1502 3241 1697 3295 Petrus
1749 3252 1951 3307 autem,
1975 3240 2220 3292 eumdem
2267 3247 2319 3292 et

743 3334 939 3389 Filium
1002 3336 1261 3398 hominis,
1294 3346 1347 3388 et
1399 3334 1590 3388 Filium
1643 3333 1735 3385 Dei
1792 3347 1913 3386 eSse
1964 3341 2317 3399 cognoscens,

746 3444 906 3483 unam
958 3444 1247 3496 personam
1304 3430 1355 3481 in
1411 3427 1625 3481 duabus
1686 3427 1895 3479 naturis
1948 3424 2228 3476 inconlnse
2268 3433 2322 3474 et

748 3522 1088 3591 iinpermiste
1116 3521 1489 3590 compositam,
1516 3521 1579 3572 ad
1610 3530 1856 3571 naturain
1880 3516 2108 3570 Deitatis
2142 3525 2321 3567 mente

747 3609 1004 3679 prosiliit.

824 3737 843 3770 ι
891 3717 972 3772 τυ
1024 3734 1083 3774 es
1114 3719 1365 3774 Christus
1412 3719 1581 3773 Filius
1614 3718 1710 3772 Dei
1744 3716 1871 3771 vivi.
1906 3734 1922 3767 ι
1967 3718 2178 3783 Quanto
2222 3717 2322 3769 hoc

745 3812 972 3864 verbum
1026 3813 1233 3880 pudore
1286 3810 1571 3865 confundit
1621 3809 1929 3863 Nestorium
1977 3808 2322 3862 aduratoretn

749 3907 1001 3967 hominis,
1031 3918 1079 3960 et
1112 3908 1378 3976 impuram
1423 3906 1566 3959 illam
1604 3921 1667 3959 ac
1708 3905 2077 3973 blasphemani
2109 3914 2163 3956 et
2194 3905 2323 3956 sub-

745 3996 1114 4051 sannatricem
1145 3995 1405 4064 linguam,
1432 4005 1649 4049 acutum
1681 3994 1829 4047 illum
1860 3998 2117 4047 adversus
2146 3992 2322 4059 pieta-

749 4096 854 4138 lent
901 4086 1159 4154 gladium,
1191 4101 1356 4137 unum
1391 4083 1665 4137 Christum
1695 4084 1748 4137 in
1779 4085 1914 4138 tinos
1946 4084 2080 4135 lllios
2112 4084 2320 4136 discin-

748 4176 1007 4231 denteni?
1034 4178 1302 4243 quomodo
1339 4177 1501 4230 etiam
1534 4178 1908 4229 Armeniorum
1952 4175 2175 4229 haeresis
2209 4174 2321 4246 (68)

754 4270 942 4326 dentes
1008 4272 1298 4338 infringit:
1362 4274 1632 4341 quomodo
1686 4271 2083 4339 Acepbalorum
2147 4271 2320 4323 haere-

822 4451 869 4484 "
894 4450 1048 4506 Joan.
1083 4468 1175 4518 \‘Il,
1214 4454 1301 4509 15.

2417 598 2478 649 τὸ
2500 599 2771 666 αὐτοφυὲς
2795 600 2892 669 τῆς
2921 600 3109 668 σοφίας
3134 601 3531 665 κατανοοῦντες
3550 602 3679 655 ἄνευ
3704 601 3995 671 μαθήσεως

2418 692 2814 759 ἐξεπλήττοντο
2845 708 2858 722 ·
2911 694 3014 746 καὶ
3045 694 3176 762 γοῦν
3212 694 3399 762 ἔλεγον
3423 710 3435 722 ·
3477 713 3495 745 t
3526 695 3649 755 Πῶς
3690 686 3846 756 οὗτος
3887 690 3994 746 οἶδε

2418 789 2725 857 γράμματα
2768 790 2843 860 μὴ
2878 790 3252 861 μεμαθηκώςς
3292 809 3310 840 ι
3362 791 3453 842 Διὸ
3516 789 3789 859 Ἰερεμίαν
3830 790 3994 841 αὑτὸν

2418 876 2723 946 ὠνόμαζον.
2787 879 3061 948 Ἱερεμίας
3111 880 3222 949 γὰρ
3265 881 3345 942 εἰς
3394 880 3735 948 προφητείαν
3782 878 3992 946 ἀνήχθη

2420 970 2549 1029 παῖς
2582 967 2656 1020 ὢν
2691 968 2911 1038 κομιδῆ.
2944 969 3055 1037 Τὴν
3106 970 3234 1038 περὶ
3269 966 3437 1021 αὑτοῦ
3477 970 3659 1019 τοίνυν
3708 967 3821 1018 τῶν
3863 967 3996 1018 πολ-

2420 1057 2527 1108 λῶν
2562 1056 2717 1120 δόξαν
2770 1055 3047 1126 ἀκηκοὼς,
3102 1057 3197 1110 καὶ
3253 1051 3365 1109 οἷον
3418 1056 3863 1123 ἀποδοκιμάζων,
3918 1054 3993 1116 ὡς

2419 1150 2680 1218 οὐδεμιᾶς
2728 1147 2934 1201 τούτων
2968 1150 3341 1219 ὲπαφωμένης
3380 1148 3479 1218 τῆς
3542 1147 3830 1217 ἀληθείας.
3903 1148 3995 1200 άν-

2420 1242 2689 1308 εξικάγως
2720 1239 2875 1304 αὖθις
2904 1243 3177 1311 ἐπερωτᾷ.

2496 1354 2513 1385 ι
2556 1335 2747 1402 Ὑμεῖς
2774 1334 2831 1385 δὲ
2862 1333 2984 1385 τίνα
3018 1351 3084 1402 με
3117 1333 3306 1401 λέγετε
3336 1328 3476 1386 εἶναι
3511 1350 3522 1397 ;
3557 1351 3574 1383 ι
3605 1332 3753 1393 Εἶεν,
3807 1335 3992 1403 φησὶν,

2420 1425 2453 1493 ἠ
2486 1423 2583 1493 μὲν
2617 1423 2889 1491 ὑπόληψις
2927 1422 3035 1474 τῶν
3066 1422 3278 1474 πολλῶν
3317 1420 3459 1474 οὕτω
3498 1420 3834 1488 πολυσχεδής
3880 1422 3994 1472 ἐστι

2422 1516 2514 1568 καὶ
2556 1514 2837 1577 ἀϐέϐαιος.
2886 1513 3073 1583 Ὑμεῖς
3104 1514 3159 1565 δὲ
3193 1513 3242 1565 oi
3278 1514 3406 1583 περὶ
3440 1512 3574 1580 ἐμοῦ
3609 1514 3808 1580 πεῖραν
3852 1513 3996 1580 είλη-

2423 1609 2583 1676 φότες
2621 1606 2765 1659 οὕτω
2828 1606 3065 1676 μακρὰν,
3102 1604 3223 1658 τίνα
3278 1604 3584 1675 κατάληψιν
3621 1608 3682 1656 ὲκ
3718 1606 3829 1655 τῶν
3860 1620 3995 1671 πρα-

2422 1702 2650 1769 γμάτων
2676 1699 2918 1764 Alﬁus;
2944 1700 3005 1751 Οἱ
3032 1698 3129 1767 μὲν
3155 1695 3247 1751 οὗν
3269 1697 3418 1749 ἄλλοι
3444 1696 3683 1766 μαθηταὶ¹
3731 1696 3870 1762 πρὸς
3896 1694 3993 1759 τὴν

2423 1793 2716 1859 ἀπόκρισιν
2775 1789 3202 1859 ἰλιγγίασαν·οἱ
3261 1789 3361 1857 μὲν
3413 1790 3506 1840 τὸν
3561 1787 3825 1855 λογισμὸν
3866 1787 3995 1849 ἴσως

2421 1883 2900 1951 ταλαντευόμετοι,
2942 1883 2989 1934 οί
3030 1882 3085 1934 δὲ
3126 1881 3359 1951 ὀφθῆναι
3400 1880 3700 1947 προπετεῖς
3732 1878 3996 1931 εὐλαϐοῦ·

2423 1994 2595 2047 μενοι.
2632 1976 2837 2045 Πέτρος
2882 1976 2963 2040 δὲ,
3019 1978 3053 2045 ἡ
3104 1977 3343 2043 ἀκρότης
3367 1975 3474 2026 τῶν
3523 1970 3807 2041 μαθητῶν,
3842 1970 3995 2039 κοινὴ

2418 2067 2528 2120 τῶν
2568 2066 2957 2136 συμφοιτητῶν
2996 2066 3209 2132 γίνεται
3247 2062 3469 2131 γλῶσσα
3506 2060 3704 2129 καὶτῷ
3752 2059 3996 2127 λογισμῴ

2420 2162 2528 2213 τῶν
2560 2158 2837 2228 αἰσθητῶν
2868 2159 3089 2211 πάντων
3110 2155 3466 2226 ὑπεραρθεὶς,
3499 2155 3691 2221 διέπτη
3725 2154 3817 2205 τὸν
3841 2153 3996 2222 ἀέρα,

2422 2251 2671 2321 παρῆλθε
2724 2252 2815 2302 τὸν
2868 2250 3086 2319 αἰθέρα,
3121 2249 3273 2301 κάτω
3323 2248 3539 2299 λέλοιπε
3569 2249 3695 2307 τοὺς
3735 2245 3995 2311 ἀστέρας,

2422 2344 2683 2411 ὑπεράνω
2716 2342 2907 2409 γέγονε
2949 2342 3049 2410 τῆς
3089 2340 3363 2408 ἀνάστρου
3414 2338 3649 2407 σφαίρας
3678 2355 3691 2369 ο
3726 2339 3825 2389 καὶ
3862 2335 3998 2403 μετά

2419 2435 2529 2487 τῶν
2564 2435 2746 2487 ἀθλων
2774 2433 3091 2503 γενόμενος.
3128 2433 3224 2487 καὶ
3244 2434 3371 2494 τοὺς
3399 2433 3661 2500 πυρίνους
3688 2429 3798 2481 τῶν
3830 2428 4003 2496 Σερα-

2422 2525 2527 2594 φὲμ
2587 2525 2831 2594 ὑπερϐάς
2891 2525 3211 2591 ποταμοὺς,
3274 2524 3367 2575 καὶ
3432 2522 3659 2590 μυηθεὶς
3714 2520 3865 2589 παρὰ
3903 2518 3997 2570 τοῦ

2422 2617 2640 2685 Πατρδς
2669 2615 2764 2668 τοῦ
2804 2616 3146 2683 Μονογενοῦς
3176 2617 3275 2684 τὴν
3311 2614 3613 2679 εὐγένειαν,
3661 2614 3763 2680 τὴν
3819 2610 4000 2662 θεολοο

2422 2710 2583 2777 γικὴν
2614 2708 2829 2775 ἐκείνην
2859 2708 3039 2774 ἀφῆκε
3072 2707 3279 2774 φωνήν
3322 2724 3338 2756 t
3371 2705 3445 2757 Σὺ
3493 2700 3543 2755 εἷ
3588 2705 3615 2755 ὁ
3662 2704 3927 2770 Χριστὸς,
3975 2703 4001 2751 ό

2421 2797 2551 2858 Υἱὸς
2578 2798 2672 2849 τοῦ
2699 2796 2836 2849 Θεοῦ
2868 2797 2958 2849 τοῦ
2995 2796 3218 2860 ζῶντος.
3254 2817 3271 2847 ι
3309 2797 3519 2855 Ὄντως
3543 2794 3601 2845 οὗ
3639 2793 3847 2863 σαρκὸς
3905 2796 3999 2843 καὶ

2421 2892 2672 2960 αἵματος,
2710 2891 2825 2943 ἀλλ’
2856 2893 3115 2959 οὐρανῖου
3141 2888 3353 2956 [ἰατρὸς
3390 2887 3757 2955 ἀποκάλυψις-
3797 2886 3999 2937 Σκόπει

2421 2982 2529 3051 γὰρ
2557 2983 2679 3034 ὅσον
2711 2984 2767 3032 ἐν
2796 2982 2879 3033 ἑνὶ
2920 2983 3126 3052 ῥήματι
3150 2982 3464 3049 κέκρυπται
3497 2978 3780 3042 θεολογίας
3812 2978 3997 3045 βυθός.

2433 3072 2491 3124 '0
2520 3073 2616 3138 μὲν
2646 3074 2754 3139 γὰρ
2787 3073 2977 3140 Σωτὴρ
3029 3070 3261 3123 ἐπύθετο
3282 3084 3294 3097 ·
3334 3086 3353 3119 ι
3384 3069 3519 3120 Τίνα
3558 3084 3624 3135 με
3666 3066 3921 3132 λέγουσιν
3955 3068 4000 3115 οἱ

2347 3183 2387 3238 c
2420 3164 2697 3232 ἄνθρωποι
2739 3164 2827 3213 τὴν
2871 3164 2998 3214 Υίὸν
3035 3160 3129 3214 τοῦ
3149 3159 3438 3229 ἀνθρώπου
3469 3176 3485 3223 ;
3519 3178 3537 3210 ι
3567 3158 3656 3209 διὰ
3689 3160 3790 3224 τῆς
3825 3174 3999 3225 προσ-

2426 3253 2605 3322 θήκης
2671 3252 2766 3304 τοῦ
2801 3251 2932 3304 Υἱοῦ
2986 3252 3079 3304 τοῦ
3123 3252 3440 3320 ἀνθρώπου,
3489 3250 3587 3318 τὴν
3646 3249 4003 3317 ἀνθρωπίνην

2420 3347 2582 3415 φύσιν
2618 3345 2812 3412 δηλῶν.
2866 3343 2923 3395 '0
2962 3344 3016 3395 δὲ
3084 3343 3289 3411 Πέτρος
3330 3342 3420 3394 τὸν
3473 3342 3637 3395 αὐτὴν
3692 3342 3852 3403 εἰδὼς
3909 3342 4005 3393 καί

2420 3437 2548 3489 Υἱὸν
2581 3436 2896 3505 ἀνθρώπου,
2932 3436 3028 3489 καὶ
3061 3436 3189 3487 Υἱὺν
3216 3435 3308 3487 τοῦ
3335 3434 3495 3496 Θεοῦ,
3528 3434 3660 3500 μίαν
3688 3434 4003 3484 ὑπόστασιν

2420 3533 2477 3582 ἐν
2504 3530 2650 3582 δυοῖν
2708 3528 3062 3581 συντεθεῖσαν
3108 3528 3368 3597 ἀφύρτως
3400 3529 3645 3594 φύσεων,
3708 3527 3849 3594 πρὸς
3905 3526 4003 3592 τὴν

2422 3624 2519 3692 τῆς
2556 3623 2810 3689 θεότητος
2848 3622 3013 3689 φύσιν
3050 3621 3299 3690 ἀνέθορε.

2501 3734 2519 3765 ι
2563 3714 2634 3765 Σὺ
2672 3710 2721 3765 εἴ
2748 3717 2773 3765 ό
2800 3712 3036 3781 Χριστὸς
3066 3716 3093 3764 ὁ
3123 3711 3249 3772 Υἱὸς
3279 3709 3373 3761 τοῦ
3409 3709 3544 3761 Θεοῦ
3580 3708 3674 3759 τοῦ
3709 3707 3941 3768 ζῶντος.
3981 3724 3999 3756 ι

2424 3809 2592 3860 ’Ὅσον
2634 3807 2693 3858 τὸ
2740 3806 2891 3875 ῥῆμα
2933 3804 3093 3856 τοῦτο
3129 3802 3485 3871 καταισχύνει
3514 3802 3605 3852 τὸν
3638 3799 4005 3867 ἀνθρωπολά-

2421 3918 2557 3970 τρην
2585 3900 2903 3966 Νεστόριον,
2939 3898 3037 3967 τὴν
3075 3897 3279 3966 μιαρὰν
3322 3894 3569 3963 γλῶτταν
3616 3893 3712 3945 καὶ
3754 3892 4007 3960 βλάσφη-

2431 4016 2552 4066 μον,
2571 3999 2665 4050 καὶ
2690 3998 3073 4064 φαυλίστριαν,
3098 3996 3194 4063 τὴν
3212 3994 3393 4057 ὀξεῖαν
3422 3992 3561 4044 κατά
3586 3991 3685 4057 τῆς
3718 3990 4009 4049 εὐσεϐείας

2433 4087 2730 4155 μάχαιραν,
2765 4085 2863 4153 τὴν
2893 4086 2984 4136 τὴν
3014 4084 3112 4135 ἕνα
3142 4083 3382 4150 Χριστὸν
3422 4081 3499 4139 είς
3542 4080 3634 4129 δύο
3682 4078 3835 4137 υἱοὺς
3876 4094 4011 4143 τεμο

2432 4178 2780 4247 μαχεσασανί
2828 4178 3017 4236 Ὅπως
3051 4175 3107 4227 δὲ
3139 4176 3232 4226 καὶ
3267 4174 3392 4234 τοὺς
3429 4172 3650 4229 ὀδόντας
3682 4168 4008 4219 συνθλάττει

2426 4274 2523 4341 τῆς
2577 4272 2686 4325 τῶν
2748 4270 3049 4341 Ἀρμενίων
3098 4269 3379 4338 αἱρέσεως
3425 4281 3439 4295 ”
3502 4264 3576 4326 ῶς
3624 4260 4010 4328 πολυκέφαλον

1982 4614 2305 4677 Francisni
2332 4614 2539 4675 Scorsi
2576 4625 2766 4674 πυτίαι.

848 4782 937 4842 66)
965 4780 1219 4836 Jeremias
1247 4786 1383 4836 enim
1412 4785 1700 4837 etiamnum
1746 4799 1897 4848 puer,
1933 4790 2041 4835 etc.
2071 4783 2145 4836 De
2172 4780 2325 4835 Jere-
2355 4785 2404 4843 Ι)
2433 4778 2692 4832 Romana:
2743 4776 2997 4831 Ecclesia:
3025 4792 3053 4829 a
3091 4776 3149 4848 D.
3178 4776 3342 4848 ljetro
3374 4774 3663 4848 deductum
3714 4786 3821 4824 non
3871 4773 4010 4848 reri-

754 4854 861 4909 mia
893 4852 951 4906 S.
982 4850 1291 4920 Hierouym.
1324 4869 1387 4906 ex
1424 4857 1699 4908 veteribus
1731 4853 2004 4912 Patribus,
2041 4867 2103 4904 ex
2136 4862 2324 4905 neote-

758 4925 886 4978 rii:is
918 4924 1309 4989 interpretibus
1344 4923 1559 4977 Cornel.
1588 4934 1791 4985 noster,
1824 4923 2055 4989 aliisque
2086 4936 2324 4973 consen-

755 4998 895 5047 tittnt
959 5008 1083 5046 cum
1134 4995 1365 5062 ctepisse
1425 4996 1750 5062 prophetare
1804 4994 1987 5045 a-tatis-
2024 5005 2136 5044 sua:
2184 5004 2327 5042 anno

755 5079 845 5118 xiv
901 5063 987 5117 vel
1018 5077 1105 5122 xv,
1134 5060 1299 5117 Josia:
1332 5060 1473 5132 regis
1505 5060 1625 5118 xnt.
1651 5060 1787 5117 Vide
1830 5078 2017 5116 eorum
2064 5069 2329 5130 supputa-

757 5145 978 5188 tionem.

826 5202 941 5263 (67)
980 5202 1369 5270 Discipulorum
1401 5220 1555 5270 apex.
1590 5201 1783 5256 Mirum
1825 5215 1986 5270 quam
2024 5201 2188 5254 variis
2232 5214 2329 5252 no-

762 5274 1021 5335 minibus,
1042 5276 1122 5327 vel
1149 5275 1379 5341 propriis
1414 5275 1493 5326 vel
1528 5274 1717 5327 decore
1742 5272 2016 5325 translatis
2037 5272 2326 5341 primatum

759 5342 819 5395 S.
853 5343 996 5395 Petri
1030 5342 1116 5397 hic
1151 5337 1306 5397 l’ater
1336 5354 1567 5406 asserat,
1597 5342 1819 5395 extollat
1854 5351 1908 5394 et
1960 5348 2205 5393 exornet.
2232 5337 2331 5391 llic

757 5413 857 5481 τὴν
906 5413 1184 5481 ἀκρότητα
1230 5413 1338 5465 τῶν
1390 5412 1647 5482 μαθητῶν
1725 5412 1929 5477 apicem
1980 5412 2327 5482 seuhculmen

757 5480 1175 5545 discipulorum:
1213 5484 1341 5535 alibi
1382 5480 1676 5553 πρόκίριτον
1707 5483 1981 5553 praelatum
2007 5495 2025 5542 ;
2056 5480 2181 5532 alibi
2229 5495 2322 5553 κοτ

761 5553 989 5622 ρυφαῖον
1028 5554 1347 5621 principem;
1410 5549 1545 5607 alibi
1600 5552 1815 5622 πρῶτον
1868 5552 2130 5616 primum,
2194 5549 2320 5601 alibi

758 5621 1000 5743 κρηπῖδα
1042 5623 1244 5685 basim,
1289 5623 1412 5675 alibi
1469 5621 1717 5693 θεμέλιον
1770 5621 2211 5689 fundamentum,
2271 5628 2325 5669 et

762 5706 788 5740 a
819 5692 891 5743 ibi
931 5693 1108 5743 aliter.
1154 5694 1294 5743 uttod
1342 5696 1602 5743 adversus
1653 5702 1977 5743 novatores.
2026 5690 2115 5743 oni
2164 5688 2324 5743 huius

762 5688 891 5743 alibi
931 5693 1108 5755 aliter,
1154 5694 1294 5757 quod
1342 5688 1602 5747 adversus
1653 5688 1977 5753 novatorcs,
2026 5690 2115 5757 qni
2164 5688 2324 5755 hujus

763 5762 1030 5827 primatus
1060 5777 1247 5815 vocem
1280 5765 1545 5823 oderunt,
1599 5770 1651 5814 et
1704 5760 1923 5815 Graecos
1954 5758 2115 5826 hujus
2144 5757 2322 5811 szeculi

762 5830 1161 5894 schistnaticos,
1196 5832 1629 5903 animadversum
1675 5831 1835 5885 velini
1889 5829 1981 5899 qui
2030 5832 2324 5899 primatum

2433 4852 2619 4918 piunt;
2667 4850 2823 4915 cujus
2857 4857 3033 4898 tamen
3072 4847 3158 4899 hic
3190 4844 3371 4903 Pater,
3400 4854 3449 4896 rt
3495 4844 3581 4894 alii
3617 4850 3828 4918 veteres
3877 4844 4005 4895 item

2433 4912 2614 4971 Graeci
2652 4912 2939 4971 orthodoxi
2981 4925 3108 4969 sunt
3153 4924 3451 4968 assertores
3495 4921 3549 4963 et
3588 4912 4008 4980 pnetlicatores.

2433 4989 2566 5042 Vide
2596 4988 2749 5054 plura
2796 4988 2848 5038 in
2885 4988 3131 5040 eamdem
3165 5000 3273 5036 rent
3319 4984 3573 5034 adnotata
3596 4982 3687 5054 >atl
3725 4981 3875 5033 hom.
3903 4981 4004 5054 >37,

2436 5068 2549 5111 not.
2591 5052 2660 5111 68
2702 5067 2756 5110 et
2800 5056 2902 5119 54,
2950 5063 3063 5108 nol.
3104 5056 3196 5117 49,
3250 5061 3304 5105 et
3352 5054 3487 5104 inl’ra
3538 5052 3701 5105 etiam
3739 5058 3852 5102 tota
3902 5052 4004 5105 hac

2436 5127 2583 5181 ltum.
2616 5138 2668 5181 et
2698 5137 2821 5179 nota
2851 5127 2913 5175 :ul
2951 5140 3071 5177 eam
3107 5125 3197 5177 75.

2511 5197 2622 5265 (68)
2655 5198 3019 5249 Armeniorum
3046 5195 3281 5248 hwresis.
3321 5191 3383 5246 lli
3419 5192 3593 5265 secuti
3638 5200 3761 5244 sunt
3801 5189 4006 5259 Euthy-

2428 5263 2747 5319 rhianot'um
2778 5280 3015 5329 errores,
3053 5265 3142 5332 qui
3172 5264 3305 5315 duas
3336 5272 3459 5314 ante
3489 5263 3743 5314 unionem
3775 5271 4007 5315 naturas

2428 5338 2630 5390 Christi
2686 5336 2963 5389 exstitisse
3011 5334 3302 5396 dicebant,
3358 5332 3550 5383 deinde
3600 5332 3825 5389 unitas,
3884 5339 4008 5397 post

2432 5407 2683 5459 unionem
2716 5420 2843 5457 vero
2868 5405 2918 5457 itt
2943 5420 3106 5456 unam
3131 5418 3222 5456 eos
3247 5414 3493 5455 naturain
3522 5401 3687 5452 luisse
3711 5397 4000 5463 confusas;

2426 5479 2558 5528 adeo
2606 5485 2662 5529 ut
2715 5475 2967 5529 divinitas
3018 5490 3082 5526 ea
3133 5488 3290 5541 passa
3341 5471 3431 5531 sit,
3482 5484 3600 5532 quae
3653 5470 4007 5541 humanitatis

2427 5546 2579 5599 fuere
2610 5556 2663 5597 et
2694 5552 2903 5598 contra.
2941 5543 3095 5596 Unde
3125 5537 3219 5593 eos
3262 5541 3669 5607 Monnphysitas
3690 5578 3706 5601 ,
3756 5537 4005 5607 Tlteopa-

2426 5617 2630 5670 schitas
2646 5613 3231 5683 appellaveruntcrarci
3250 5608 3901 5683 Patres._l_.ege_[}ellartn.,
3933 5607 4007 5683 ρ(

2428 5688 2640 5751 script.;
2682 5676 2916 5752 'Nicepli.
2962 5684 3057 5734 lib.
3096 5698 3257 5752 xuii,
3282 5695 3417 5752 cap.
3446 5679 3515 5752 55
3542 5678 3893 5752 ;__Nir.one_m,
3926 5676 4005 5729 De

2429 5749 2694 5809 erroribus
2718 5749 3120 5815 Armeniorum;
3146 5761 3197 5804 et
3221 5749 3510 5819 Theoriani
3544 5749 4002 5819 Disputationem,

2433 5837 2563 5881 tom.
2611 5826 2679 5880 lll
2709 5837 2762 5881 et
2798 5823 2861 5879 iV
2899 5822 3154 5877 Biblioth.
3193 5818 3295 5876 SS.
3335 5818 3583 5874 Patrum.
