4168 6456
746 400 852 463 963

1947 391 2439 453 TIIEOPHANIS
2479 392 2819 456 CERAMEI

3900 402 4001 463 961

742 511 912 582 patris
955 510 1168 575 fecerit,
1206 522 1439 578 eumque
1480 508 1648 562 lilium
1705 506 1855 562 Iona:
1900 508 2226 577 appellarit?
2276 511 2325 561 in

2434 526 2630 563 νευσεν
2658 555 2671 575 ,
2725 512 2841 565 υἱὸν
2874 512 3038 566 αὐτὸν
3068 512 3240 566 εἰπὼν
3284 514 3470 581 Ἰοινᾶ;
3505 515 3807 586 Μονονουχὶ
3853 517 4002 569 vol-.6

743 606 884 659 hunc
920 588 1310 673 prapemodum
1354 616 1580 657 sensum
1635 601 1896 670 loquitur.
1938 601 2109 656 Sicuti
2147 613 2200 656 tit
2234 618 2326 656 na-

744 698 989 751 turalter
1012 698 1149 749 filius
1174 710 1232 748 es
1260 694 1411 747 Jonae
1437 694 1610 762 patris
1637 696 1734 757 tui,
1757 695 1835 747 sic
1858 710 1958 762 ego
1979 694 2324 757 naturaliter,

742 793 1038 845 secundum
1069 792 1361 843 essentiam
1390 804 1507 841 sum
1548 788 1664 849 Dei,
1695 797 1747 841 et
1775 785 1954 840 Patris
1984 787 2177 841 Filius.
2213 787 2320 839 Seu

739 884 917 952 potius
945 884 1045 935 hoc
1082 882 1230 944 dicit,
1284 880 1538 949 quoniam
1579 894 1681 932 non
1714 894 1743 931 a
1784 895 1951 934 carne
1980 890 2032 933 et
2067 881 2327 948 sanguine

740 973 1035 1041 profectam
1089 973 1479 1026 revelatiouem
1512 971 1749 1036 dixerat,
1781 973 1875 1025 sed
1916 987 1944 1024 a
1992 970 2155 1025 Patre
2204 986 2323 1036 suo,

739 1076 901 1133 atque
942 1065 1055 1117 lucc
1101 1065 1359 1117 revelatio
1412 1077 1505 1130 per
1550 1061 1811 1130 Spiritum
1869 1072 2119 1116 sanctum
2181 1060 2323 1115 faeta

742 1159 938 1220 fuerat,
970 1158 1088 1211 ideo
1120 1159 1267 1210 illuni
1296 1157 1532 1223 Spiritus
1556 1157 1748 1210 Filium
1775 1166 1953 1210 vocat.
1986 1156 2152 1211 Jonas
2175 1158 2321 1209 enim

739 1248 1038 1300 columbam
1071 1258 1222 1300 sonat
1251 1247 1384 1316 (74).
1406 1246 1736 1301 Consuetum
1765 1263 1925 1316 porro
1946 1257 2031 1302 est
2062 1249 2113 1299 in
2144 1249 2321 1300 divina

740 1342 1020 1408 Scriptura
1074 1340 1245 1393 sancti
1302 1340 1560 1393 virtutem
1634 1339 1898 1394 columba:
1964 1340 2325 1407 appellatione

738 1436 955 1502 signare
1008 1435 1071 1498 ’⁷,
1143 1434 1299 1501 cujus
1352 1449 1555 1502 pennas
1615 1433 1717 1486 sibi
1769 1434 1885 1486 dari
1937 1432 2099 1502 375
2154 1431 2321 1486 David

736 1529 901 1581 etiam
982 1527 1071 1580 ille
1144 1530 1401 1596 propheta
1472 1526 1745 1595 cupiebat.
1801 1544 1818 1578 ι
1872 1526 2067 1580 Beatus
2118 1541 2197 1591 es,
2234 1527 2325 1580 Si-

738 1636 859 1673 mon
908 1618 1195 1681 Bar-Jona,
1248 1622 1371 1687 quia
1432 1633 1563 1673 caro
1608 1628 1662 1672 et
1712 1620 1933 1689 sanguis
1974 1632 2079 1672 non
2123 1620 2328 1672 reVela-

734 1715 811 1765 vit
849 1714 984 1765 tibi:
1027 1732 1045 1763 ι
1084 1713 1166 1765 his
1193 1712 1371 1765 verbis
1402 1712 1504 1766 tale
1553 1712 1809 1780 quiddam
1857 1711 2169 1780 significat:
2208 1712 2321 1765 Non

737 1806 789 1856 in
827 1819 989 1858 carne
1024 1814 1077 1857 et
1140 1803 1407 1871 sanguine
1456 1806 1667 1858 hatrens
1718 1804 1854 1857 hanc
1889 1803 1955 1857 de
1991 1819 2075 1857 me
2118 1804 2318 1857 revela-

739 1896 935 1948 tionein
975 1896 1256 1962 accepisti,
1291 1895 1386 1948 scd
1410 1910 1437 1949 ο
1473 1895 1822 1948 sensibilibus
1854 1909 2078 1963 prorsus
2112 1895 2316 1947 abstra.
2358 1888 2397 1942 Β

734 1999 856 2042 etus
897 1992 962 2041 de
1006 1988 1091 2041 his
1122 1987 1401 2054 theologia:
1445 1986 1719 2056 mysteriis
1755 1987 1998 2038 initiatus
2028 2002 2110 2041 es.
2150 1985 2241 2039 Sic
2269 1997 2324 2040 et

737 2077 959 2144 Paulus,
990 2081 1079 2148 qui
1118 2094 1175 2131 se
1204 2086 1413 2143 raptum
1442 2092 1614 2146 usque
1650 2078 1715 2130 ad
1751 2078 1971 2131 tertium
2006 2076 2235 2141 caelum,
2268 2085 2322 2131 et

740 2188 941 2227 arcana
995 2174 1157 2225 verba
1214 2173 1431 2225 audisse
1471 2171 1627 2231 dicit,
1679 2185 1786 2224 non
1837 2184 1898 2223 ea
1947 2169 2319 2235 inquisitione,

738 2282 859 2336 qute
890 2281 1149 2321 sensuum
1180 2265 1486 2319 ministerio
1512 2265 1572 2317 ﬁt
1593 2265 1658 2317 ad
1687 2263 2044 2331 intelligihilia
2076 2272 2323 2316 contem-

739 2361 936 2429 planda
978 2375 1113 2428 opus
1145 2358 1354 2422 habuit,
1397 2356 1541 2422 quod
1576 2356 1787 2410 scilicet
1814 2356 1928 2423 ipse
1962 2363 2172 2408 suomet
2199 2368 2319 2407 ser-

740 2467 900 2507 mone
952 2452 1322 2520 signiﬁcavit:
1361 2469 1379 2502 ι
1420 2451 1546 2504 Sive
1593 2450 1646 2503 in
1702 2461 1953 2518 corpore,
2002 2449 2115 2503 sive
2168 2456 2320 2502 extra

734 2560 956 2613 corpus,
994 2547 1175 2598 nescio
1204 2545 1268 2596 ⁸⁸.
1302 2563 1318 2593 ι

812 2657 830 2689 ι
873 2638 930 2689 Ει
966 2652 1066 2707 ego
1118 2638 1240 2690 dico
1283 2634 1401 2700 tibi,
1449 2632 1582 2698 Quia
1632 2642 1685 2686 tu
1718 2647 1777 2687 es
1815 2632 2027 2696 Petrus,
2062 2639 2114 2685 et
2161 2646 2323 2701 super

738 2732 877 2783 hanc
920 2742 1128 2799 petram
1160 2729 1438 2783 teditlcaho
1468 2727 1762 2780 Ecclesiam
1796 2741 1993 2779 meam.
2037 2744 2055 2776 ι
2104 2724 2209 2789 Tu,
2240 2726 2323 2778 in-

736 2821 877 2887 quit,
916 2820 1009 2887 qui
1064 2830 1212 2886 petra
1247 2834 1305 2871 es
1350 2818 1490 2885 (75),
1540 2824 1688 2886 petra
1745 2816 1841 2869 lies
1885 2815 2004 2868 fidei
2042 2813 2227 2877 Verbi,
2269 2822 2324 2868 et

739 2909 1131 2962 constituenda:
1192 2907 1446 2962 Ecclesiae
1485 2906 1914 2971 fundamentum,
1957 2913 2010 2958 et
2049 2904 2323 2970 ’spiritua-

737 3001 805 3057 lis
860 3002 1069 3055 :Edilicii
1098 3001 1303 3071 primus
1349 3000 1548 3053 aditus.
1585 2997 1640 3051 lu
1669 2999 1772 3052 hac
1794 2999 1935 3052 enim
1959 2994 2321 3058 confessione,

738 3111 840 3165 qua
868 3111 954 3148 me
987 3095 1259 3148 hominem
1297 3094 1546 3146 eumdem
1612 3102 1666 3146 et
1704 3092 1867 3145 Deum
1900 3106 2019 3143 esse
2043 3089 2323 3143 confessus

741 3204 821 3252 cs,
857 3189 909 3241 in
948 3190 1068 3252 hac,
1106 3189 1349 3257 inquam,
1388 3185 1695 3238 stabilie'ur
1725 3184 1976 3237 Ecclesia:
2005 3182 2321 3235 fundamen-

743 3291 879 3334 tum.
924 3281 1034 3334 llac
1077 3281 1218 3335 enim
1256 3280 1369 3333 basi
1424 3277 1725 3346 supposita,
1777 3277 1982 3345 reliqua
2024 3275 2187 3328 etiam
2233 3274 2325 3326 do-

742 3383 921 3443 gmata
957 3381 1071 3425 tuto
1097 3380 1564 3441 superstruentur.

823 3609 841 3642 ι
895 3589 961 3642 Et
1021 3597 1191 3655 porta:
1254 3586 1408 3639 inferi
1480 3600 1585 3638 non
1646 3584 2009 3652 praevalebunt
2066 3583 2324 3636 adversus

739 3700 879 3739 eam.
924 3700 942 3733 ι
985 3680 1160 3734 Putta:
1201 3678 1379 3739 inferi,
1428 3692 1548 3745 quae
1594 3684 1781 3730 contra
1840 3675 2136 3729 Ecclesiam
2192 3692 2327 3743 prae-

739 3774 923 3828 valere
956 3788 1059 3825 non
1094 3780 1402 3839 potuerunt,
1440 3770 1656 3835 tyranni
1686 3767 2077 3836 intelligantur,
2121 3776 2175 3821 et
2217 3769 2326 3821 lite-

742 3882 919 3920 resuui
956 3863 1229 3930 principes
1255 3878 1268 3914 :
1295 3861 1384 3929 qui
1412 3871 1580 3929 porta:
1610 3859 1764 3912 inferi
1794 3858 2023 3927 figurate
2050 3859 2324 3923 dicuntur,

744 3969 932 4027 utpote
969 3956 1060 4025 qui
1094 3956 1159 4008 ad
1191 3954 1484 4009 inferorum
1518 3955 1651 4007 retia
1686 3954 2001 4021 pertraltant
2030 3962 2328 4007 sectatores

737 4066 887 4114 suos,
915 4052 1005 4118 qui
1041 4046 1285 4117 profecto
1322 4047 1591 4098 incassum
1621 4043 1787 4097 multa
1823 4042 2034 4103 conati,
2068 4051 2121 4095 et
2154 4056 2325 4109 equo-

738 4154 857 4192 rum
918 4140 1089 4189 instar
1148 4137 1409 4187 adversus
1462 4131 1761 4186 Ecclesiam
1821 4128 2180 4184 infreinentes
2246 4128 2324 4182 nil

737 4227 1031 4296 quidquam
1071 4224 1295 4277 alterius
1341 4220 1649 4275 nocumenti
1692 4220 1766 4272 illi
1831 4219 2166 4282 intulerunt,
2224 4220 2327 4273 nisi

738 4320 881 4389 quod
918 4319 1273 4372 illustriorem
1309 4314 1559 4369 elTecere.

820 4428 839 4460 ι
874 4407 939 4461 Et
991 4410 1084 4463 tibi
1122 4407 1263 4460 dabo
1291 4406 1471 4460 claves
1509 4404 1660 4474 regni
1694 4402 1981 4459 caelorum.
2023 4420 2042 4453 ι
2093 4401 2209 4457 Non
2254 4402 2330 4455 ait

746 4503 812 4555 do
860 4502 955 4553 tibi
994 4516 1155 4553 nunc.
1206 4500 1299 4551 scd
1333 4498 1510 4564 dabo;
1545 4506 1754 4565 tempus
1785 4495 1990 4548 scilicet
2046 4494 2175 4547 illud
2207 4503 2327 4562 post

2430 621 2599 672 φησιν
2622 621 2635 632 ·
2666 606 2879 673 ’Ὠσπερ
2911 605 3076 665 αὐτὸς
3118 605 3234 669 υἱὶς
3266 604 3317 658 εἶ
3345 607 3506 674 φύσει
3540 607 3630 661 τοῦ
3669 610 3763 660 σοῦ
3802 611 4003 676 πατρ“.ς

2442 696 2618 759 Ἰωνᾶ,
2652 694 2798 748 οὕτω
2841 696 2994 764 κάγὼ
3029 698 3193 766 φύσει
3257 699 3351 751 καὶ
3377 699 3498 750 κατ’
3524 699 3713 752 οὐσίαν
3750 700 3875 760 Υἱός
3893 706 4001 768 εἰμι

2428 790 2523 842 τοῦ
2554 789 2690 842 Θεοῦ
2750 790 2844 843 καὶ
2885 792 3119 860 Πατρός.
3166 792 3386 845 Μᾶλλον
3413 792 3491 856 δὲ,
3515 793 3701 862 ἐπειδὴ
3734 795 3835 862 τὴν
3874 795 4004 845 dno-

2427 882 2665 951 κὰλυψιν
2694 883 2794 935 οὐκ
2844 883 2953 935 ἀπὸ
3002 885 3205 951 σαρκὸς
3252 880 3370 937 εἷπε
3399 885 3734 953 γεγενῆσθαι
3793 886 3891 938 καὶ
3920 887 4002 937 ai-

2433 996 2626 1048 ματος,
2658 978 2774 1031 ἀλλ’
2822 979 2885 1029 ὲκ
2928 978 3021 1030 τοῦ
3056 979 3272 1048 Πατρδς
3306 978 3477 1031 αὐτοῦ
3505 978 3600 1031 τοῦ
3638 981 3696 1030 ἑν
3732 980 4001 1046 οὐρανοῖς,

2427 1071 2568 1142 αὕτη
2608 1072 2663 1125 δὲ
2724 1074 2756 1140 ή
2801 1070 3149 1139 ἀποκάλυψις
3201 1072 3287 1125 διὰ
3341 1072 3436 1123 τοῦ
3484 1072 3643 1135 ἁγίου
3691 1074 4003 1141 Πνεύματος

2428 1164 2643 1232 γέγονε,
2675 1164 2766 1217 διὰ
2794 1164 2960 1217 τοῦτο
2986 1164 3113 1216 Υἱὸν
3147 1164 3313 1216 αὑτὸν
3350 1163 3609 1233 ὀνομάζει
3633 1163 3726 1215 τοῦ
3758 1162 4003 1231 Πνεύμα-

2428 1271 2540 1317 τος.
2560 1256 2745 1317 Ἰωνᾶς
2778 1255 2886 1324 γὰρ
2917 1252 3238 1322 περιστερὰ
3265 1254 3649 1324 ἑρμηνεύεται.
3687 1254 3757 1304 Σύ
3780 1254 3923 1323 κηθες
3952 1255 4005 1305 δὲ

2430 1351 2494 1416 τῇ
2530 1348 2722 1418 Γραφῇ
2758 1347 2935 1416 τούτῳ
2965 1348 3040 1416 τῷ
3061 1348 3288 1416 ὀνόματι
3319 1346 3420 1413 τῆς
3445 1348 3803 1417 περιστερᾶς,
3824 1347 4003 1398 κλεῖν

2429 1441 2528 1507 τὴν
2554 1439 2649 1491 τοῦ
2682 1438 3004 1508 Πνεύματος
3040 1439 3296 1508 δύναμιν,
3326 1432 3393 1510 ἦς
3417 1440 3513 1499 τὰς
3550 1439 3832 1507 πτέρυγας
3862 1440 4003 1503 γενέ-

2432 1531 2561 1584 σθαι
2641 1532 2789 1600 αὐτῷ
2856 1532 2952 1584 καὶ
3008 1532 3176 1583 Δαῦὶδ
3221 1532 3249 1582 ὁ
3296 1531 3585 1600 προφήτης
3642 1530 4000 1595 ἐπεπόθησεν.

2434 1642 2452 1674 ι
2495 1623 2783 1691 Μακάριος
2822 1618 2873 1674 εἷ
2907 1622 2996 1687 σὺ,
3032 1623 3217 1691 Σίμων
3241 1620 3356 1688 Bap
3399 1621 3577 1682 'lwvi,
3627 1621 3709 1671 ὅτι
3745 1619 3883 1687 σὰρξ
3915 1622 4003 1669 καὶ

2429 1713 2567 1784 αἷμα
2601 1718 2700 1767 οὐκ
2728 1715 3051 1784 ἀπεκάλυψέ
3085 1732 3189 1768 σοι.
3222 1734 3240 1765 ι
3272 1717 3339 1768 '0
3367 1714 3517 1781 λέγει
3548 1713 3795 1765 τοιοῦτον
3821 1715 3963 1764 ἐστιν
3988 1728 3999 1740 ·

2432 1813 2545 1863 Οὐκ
2578 1811 2634 1861 ἐν
2667 1811 2856 1876 σαρκὶ,
2899 1809 3055 1878 φησὶ,
3114 1807 3299 1874 μένων
3338 1808 3430 1859 καὶ
3480 1809 3672 1875 αἵματι
3708 1805 3873 1868 ἐδέξω
3910 1804 4001 1871 τὴν

2432 1905 2561 1969 περὶ
2613 1901 2748 1972 ἐμοῦ
2808 1900 3202 1968 ἀποκάλυψιν
3241 1898 3358 1951 ἀλλ’
3412 1897 3517 1962 ἔξω
3573 1898 3683 1950 τῶν
3729 1895 4000 1960 αἰσθητῶν

2432 1997 2613 2064 πάντη
2642 1995 2939 2063 γενόμενος
2961 2031 2976 2057 ,
3002 1995 3073 2045 τὰ
3101 1993 3199 2061 τῆς
3235 1992 3516 2059 θεολογίας
3561 1989 4002 2059 μεμυσταγώγη-

2433 2104 2542 2139 σαι.
2579 2085 2768 2147 Οὕτως
2799 2083 2894 2136 καὶ
2920 2082 3135 2143 Παῦλος
3168 2083 3406 2153 ἀρθῆναι
3460 2081 3633 2135 εἰπὼν
3663 2082 3759 2140 ἕω,
3827 2080 4002 2147 τρίτου

2432 2181 2690 2250 οὐρανοῦ,
2723 2178 2816 2231 καὶ
2854 2176 3118 2248 ῥημάτων
3143 2177 3401 2246 ἀρρήτων
3428 2174 3681 2242 γενέσθαι
3710 2174 4003 2243 ἀκροατὴς,

2432 2272 2491 2325 οὗ
2531 2270 2858 2341 σωματικῆς
2907 2268 3202 2337 ἀκριϐείας
3251 2266 3447 2335 ἐδεήθη
3480 2268 3536 2317 ἐν
3567 2267 3633 2335 τῇ
3666 2266 3874 2334 θεωρία
3903 2265 4004 2315 τῶν

2431 2364 2640 2436 νοητῶν
2670 2378 2682 2392 ·
2719 2363 2883 2416 τοῦτο
2922 2364 3028 2432 γὰρ
3061 2365 3155 2413 καὶ
3178 2360 3340 2422 αὐτὸς
3368 2359 3447 2428 τῷ
3482 2359 3597 2427 ἰδίῳ
3630 2359 3777 2427 λόγῳ
3813 2359 4007 2423 ἐπεση-

2434 2458 2677 2526 μήνατο“
2715 2476 2732 2507 ι
2771 2456 2896 2510 Εἴτε
2926 2456 2986 2506 ἐν
3017 2452 3257 2521 σώματι,
3297 2452 3407 2504 εἴτε
3433 2452 3591 2513 ἐκτὸς
3627 2451 3723 2502 τοῦ
3760 2450 4005 2516 σώματος

2430 2553 2530 2605 οὐκ
2565 2546 2705 2603 οἶδα.
2746 2568 2765 2601 ι

2507 2664 2525 2695 ι
2563 2642 2734 2710 Κάγὼ
2772 2642 2828 2694 δέ
2893 2658 2974 2693 σοι
3018 2640 3161 2707 λέγω
3200 2640 3282 2691 ὅτι
3322 2638 3387 2691 σὺ
3421 2632 3469 2690 εἶ
3501 2640 3731 2707 Πέτρος,
3794 2654 3891 2688 και
3920 2648 4008 2686 2::

2430 2736 2606 2805 ταύτῃ
2636 2736 2702 2804 τῇ
2745 2734 2923 2804 πέτρα
2957 2733 3305 2801 οἰκοδομήσω
3329 2747 3431 2798 μου
3460 2731 3557 2798 τὴν
3601 2728 3956 2797 Ἐκκλησίαν.
3983 2746 4001 2776 ι

2435 2826 2527 2889 Συ,
2562 2825 2717 2894 φησὶ,
2755 2825 2961 2893 Πέτρος
3001 2822 3101 2885 ὢν,
3130 2824 3304 2891 πέτρα
3332 2822 3569 2890 γεννήσῃ
3604 2820 3703 2886 τῆς
3757 2820 3901 2869 κατὰ
3926 2818 4009 2868 )6-

2433 2935 2529 2986 γον
2564 2919 2831 2978 πίστεως,
2870 2916 2961 2967 καὶ
2994 2914 3089 2982 τῆς
3129 2910 3502 2981 ἐδραζομένης
3554 2910 3889 2977 Ἐκκλησίςς
3928 2908 4009 2959 θε-

2436 3010 2640 3079 μέλιος,
2669 3008 2763 3061 καὶ
2784 3006 2975 3076 πρώτη
2996 3005 3095 3074 τῆς
3120 3003 3500 3073 πνευματικῆς
3529 3002 3822 3069 οἰκοδομῆς
3847 3005 4011 3072 ἀφορ-

2435 3104 2531 3172 μή.
2574 3101 2700 3153 Ἐπὶ
2756 3103 2822 3170 τῇ
2854 3097 3118 3169 ὁμολογίᾳ⁵
3171 3098 3280 3165 γὰρ
3336 3090 3597 3168 ταύτῃ,ᾖ
3646 3094 4010 3163 ὁμολόγησας,

2431 3197 2523 3248 τὸν
2558 3194 2724 3246 αὑτὸν
2779 3190 2919 3245 εἷναί
2957 3208 3022 3259 με
3067 3192 3194 3243 Υἱὸν
3220 3188 3377 3253 Θεοῦ,
3410 3190 3506 3241 καὶ
3532 3189 3666 3239 Υίὸν
3696 3188 4009 3258 ἀνθρώπω,

2433 3289 2525 3338 ἐπὶ
2580 3285 2750 3354 ταύτῃ
2802 3285 2899 3353 τῆς
2969 3282 3356 3349 Ἐκκλησίαςὸ
3413 3281 3666 3351 θεμέλιος
3730 3286 4007 3340 στήσεται.

2431 3377 2707 3446 Τοιαύτης
2743 3378 2852 3445 γὰρ
2875 3375 2973 3443 τῆς
3006 3375 3272 3444 κρηπῖδος
3307 3373 3587 3441 τεθείσης,
3622 3374 3719 3425 καὶ
3750 3372 3820 3423 τὰ
3853 3373 4011 3424 λοιπὰ

2428 3471 2680 3540 δόγματα
2716 3468 2976 3536 ἀσφαλῶς
3005 3467 3522 3537 οἰκοδομηθήσεται.

2504 3582 2522 3614 ι
2558 3564 2669 3616 Καὶ
2698 3562 2866 3614 πύλαι
2897 3561 3027 3631 ᾅδου
3054 3562 3112 3612 ού
3144 3560 3574 3628 κατισχύσουσιν
3608 3557 3808 3625 αὐτῆς.
3855 3578 3874 3609 ι
3904 3557 4011 3610 Πύ-

2428 3655 2518 3708 λαι
2556 3655 2609 3706 δὲ
2638 3654 2766 3725 ᾅδου
2800 3655 2899 3721 τῆς
2940 3653 3269 3722 Ἐκκλησίας
3326 3650 3402 3718 μὴ
3433 3650 3859 3718 κατισχύουσαι,
3900 3645 4010 3701 εἶεν

2432 3746 2496 3799 ἂν
2517 3749 2567 3799 oi
2598 3746 2803 3815 ταύτην
2836 3743 3124 3805 διώκοντες
3175 3744 3454 3813 τύραννοι,
3495 3744 3587 3793 καὶ
3627 3742 3677 3791 οί
3706 3742 3816 3791 τῶν
3850 3740 4001 3808 αίρέο

2434 3855 2576 3890 σεων
2610 3837 2852 3908 ἓξαρχοι,
2882 3837 3047 3889 πύλαι
3075 3836 3204 3906 ᾆδον
3247 3834 3527 3905 τροπικῶς
3590 3832 4011 3901 ὀνομασθέντες,

2429 3933 2504 3994 ὡς
2534 3935 2661 3995 τοὺς
2694 3930 3055 3999 πειθομένους
3090 3928 3275 3990 αὐτοῖς
3337 3932 3418 3990 εἰς
3477 3926 3606 3997 ᾆδον
3648 3924 4013 3977 καθέλκονται

2430 4028 2737 4096 πέταυρον·
2768 4024 2817 4075 οἳ
2872 4022 2937 4091 δὴ
2988 4021 3162 4074 πολλὰ
3218 4021 3581 4090 μογήσαντες,
3612 4018 3708 4069 καὶ
3740 4017 3884 4069 κατα
3915 4019 4014 4083 τῆς

2432 4118 2769 4187 Ἐκκλησίας
2805 4115 3035 4183 ἱππηδὸν
3062 4113 3461 4182 φρυαξάμενοι,
3497 4108 3777 4162 ούδοτιοῦν
3806 4108 4015 4175 ταύτην

2429 4211 2816 4283 παρέὅλαψαν,
2865 4209 2896 4278 ἣ
2938 4210 3018 4260 ὅτι
3057 4208 3446 4277 λαμπροτέραν
3476 4204 3831 4274 εἰργάσαντο.

2510 4406 2529 4441 ι
2568 4388 2680 4441 Καὶ
2713 4386 2868 4439 δώσω
2908 4401 2991 4437 σοι
3021 4385 3119 4446 τὰς
3167 4383 3315 4445 κλεῖς
3339 4381 3437 4449 τῆς
3466 4380 3747 4451 βασιλείας
3778 4381 3888 4431 τῶν
3928 4380 4016 4433 οὖν

2435 4484 2637 4557 ρανῶν.
2686 4500 2706 4534 ι
2740 4482 2852 4534 Οὐκ
2906 4474 3052 4541 εἷπε,
3084 4477 3288 4545 Δίδωμι
3325 4493 3407 4527 σοι
3459 4476 3578 4537 νῦν,
3635 4476 3807 4536 ἀλλὰ,
3848 4474 4018 4525 Δώεω

757 4593 1213 4643 resurrectionem
1252 4590 1488 4643 futurum
1514 4589 1833 4657 pratdiceus,
1859 4586 2072 4656 quando
2090 4595 2143 4639 et
2162 4587 2325 4639 sancti

2440 4594 2545 4639 σοι,
2574 4575 2664 4627 τὸν
2699 4572 2838 4643 μετὰ
2861 4571 2957 4639 τὴν
2983 4569 3284 4621 ἀνάστασιν
3332 4566 3616 4637 προλέγων
3644 4567 3859 4634 καιρὸν,
3892 4567 4015 4616 καθ’

755 4683 994 4748 Spiritus
1044 4683 1271 4750 gratiam
1303 4682 1375 4733 illi
1414 4682 1719 4749 itnpertitus
1751 4690 1854 4744 cst,
1912 4689 1966 4733 et
2007 4688 2328 4746 potestatem

746 4772 949 4841 ligandi
1010 4785 1173 4840 atque
1207 4772 1451 4826 solvendi
1510 4772 1841 4840 permisit",
1892 4781 1944 4824 et
1980 4770 2328 4822 rationalibus

745 4868 938 4921 ovibus
969 4877 1242 4935 pastorem
1284 4866 1547 4935 praefecit.
1587 4864 1783 4917 Verum
1814 4878 1932 4931 qnze
1981 4863 2163 4915 claves
2224 4860 2327 4923 hac,

746 4974 976 5026 quarum
1048 4968 1326 5026 portarum
1391 4956 1628 5023 claviger
1685 4952 2031 5007 constituitur
2099 4949 2326 5005 Petrus?

821 5093 864 5121 ’⁷
899 5090 1044 5145 Psal.
1081 5107 1191 5155 Liv,
1237 5089 1289 5145 Ἰ.
1366 5088 1410 5120 ’⁸
1456 5086 1495 5140 ll
1529 5087 1651 5142 Cor.
1684 5102 1781 5151 xu,
1815 5086 1869 5140 5.

1948 5087 1993 5118 '9
2020 5083 2176 5139 Joan.
2206 5099 2299 5146 xx,
2320 5084 2410 5137 23.

2439 4669 2497 4721 ὃν
2544 4666 2693 4735 αὐτῷ
2756 4664 2846 4718 καὶ
2908 4662 3006 4732 τὴν
3050 4663 3208 4732 χάριν
3250 4660 3344 4712 τοῦ
3383 4660 3540 4727 ἁγίου
3578 4659 3907 4727 Πνεύματος
3930 4660 4017 4711 δέ·

2438 4761 2599 4825 δωκε,
2634 4760 2730 4811 καὶ
2754 4757 2852 4826 τὴν
2900 4756 3151 4819 ἐξουσίαν
3192 4753 3286 4806 τοῦ
3326 4754 3548 4821 δεσμεῖν
3588 4754 3684 4804 καὶ
3717 4751 3891 4814 λύειν,
3922 4753 4019 4801 καὶ

2436 4856 2545 4908 τῶν
2580 4854 2816 4921 λογικῶν
2866 4851 3158 4921 προϐάτων
3211 4848 3526 4915 ὰγελάρχην
3575 4847 4014 4915 ἐχειροτόνησεν.

2447 4943 2610 4998 Ἀλλὰ
2636 4943 2780 5003 τίνες
2824 4941 2880 4992 αί
2913 4940 3140 5003 κλεῖδες,
3189 4937 3368 5007 Θυρῶν
3399 4937 3456 4990 δὲ
3493 4936 3665 4988 ποίων
3699 4935 4018 5003 κλειδοῦχος

1974 5177 2293 5237 Francisci
2329 5172 2541 5237 Scorsi
2573 5179 2754 5232 notae.

824 5308 935 5377 (7-5)
972 5306 1137 5359 Jonas
1180 5303 1649 5377 etiiin_colutnbant
1694 5311 1868 5377 sonat.
1901 5312 2012 5377 m1?
2058 5301 2320 5377 columba,

746 5371 1017 5443 militias.
1048 5377 1173 5430 Vide
1206 5376 1261 5428 ὃ.
1296 5373 1705 5443 Hieronymum,
1732 5375 1785 5425 iti
1815 5373 2060 5427 eamdem
2090 5371 2320 5441 litytuol.

749 5449 1203 5516 ἁλληγορίξοντα.

824 5512 1162 5589 (ῑ’5)ἰἐιηι
1214 5533 1306 5589 γει,
1365 5525 1472 5569 etc.
1539 5512 2094 5589 llunc_Theopl_tan_is
2155 5512 2327 5589 nostri

751 5583 927 5645 locum
948 5630 963 5654 ,
994 5598 1050 5639 nt
1081 5588 1413 5640 luculentum
1453 5585 1823 5640 testiinonium
1863 5583 2152 5654 calliolic.e
2178 5583 2325 5634 veri-

752 5663 899 5723 tatis,
926 5651 989 5711 cx
1027 5672 1129 5724 qua
1170 5658 1356 5711 Petrus
1391 5666 1551 5723 caput
1588 5654 1858 5715 Ecclesiae,
1887 5664 1941 5706 et
1976 5653 2094 5724 fidei
2131 5651 2325 5705 funda-

753 5742 992 5784 tnentutn
1030 5723 1287 5780 asseritur
1310 5738 1500 5779 contra
1532 5724 2021 5793 Magttehurgenses
2046 5723 2327 5775 Centuria-

755 5811 918 5861 tores,
952 5800 1138 5852 iisdem
1184 5798 1402 5849 ntnnino
1434 5796 1610 5850 verbis
1656 5796 1875 5861 protulit
1922 5796 2059 5846 inter
2094 5793 2321 5844 aliorum

755 5884 989 5923 \etcruni
1023 5868 1239 5921 Patrum
1273 5868 1431 5931 dicta,
1465 5880 1597 5934 quos
1630 5866 1809 5919 itidem
1840 5865 1967 5919 citat
2001 5862 2323 5916 Franciscus

2432 5295 2687 5350 Turrian.
2721 5308 2833 5348 soc.
2866 5301 3084 5352 nostrte,
3112 5292 3178 5343 de
3221 5303 3326 5357 quo
3369 5288 3518 5355 plura
3565 5288 3616 5339 in
3656 5285 3894 5342 Proem.
3933 5307 4017 5355 ιιι,

2432 5367 2575 5438 quod
2620 5366 2815 5438 relege.
2855 5364 3114 5438 POI'I'OLiII
3162 5364 3261 5414 hac
3304 5359 3664 5438 explicatione
3700 5370 3753 5411 et
3790 5362 4017 5438 veritate

2434 5428 2783 5491 consentiunt
2814 5450 3001 5487 omnes
3035 5432 3223 5484 Patres
3263 5442 3371 5482 tam
3409 5428 3604 5488 Graeci,
3634 5442 3799 5495 quam
3837 5428 4014 5483 Latini

2432 5522 2570 5567 quos
2598 5516 2845 5559 recenset
2876 5507 3036 5556 etiam
3072 5500 3307 5553 Maldon.
3340 5504 3516 5567 arguit
3546 5501 3713 5551 etiam
3751 5499 3839 5553 hic
3872 5502 4020 5553 locus

2432 5525 2570 5561 (uos
2598 5525 2845 5559 recenset.
2876 5525 3036 5556 cuum
3072 5525 3307 5553 utatuuu.
3340 5525 3516 5567 διδιιιι
3546 5525 3713 5551 cuum
3751 5525 3839 5553 ult;
3872 5525 4017 5553 luctu

2432 5525 2652 5631 tljraecos
2690 5577 2833 5643 ipsos
2869 5569 3722 5643 schistnaticos,Aqui_primatum
3761 5568 4017 5624 Ecclesm:

2435 5638 2726 5707 Romanae,
2759 5653 2811 5696 et
2855 5656 3229 5697 successorum
3275 5640 3418 5693 Petri
3463 5638 3655 5690 nolunt
3702 5653 4018 5706 agnoscere.

2434 5717 2506 5770 De
2558 5729 2665 5782 quo
2719 5715 2960 5783 pluribus
3011 5728 3172 5783 supra
3231 5713 3280 5763 in
3334 5714 3432 5783 hac
3484 5710 3659 5773 hom.,
3696 5719 3809 5763 ιιυι.
3844 5710 3940 5776 67,
3971 5722 4021 5763 et

2433 5780 2587 5842 hom.
2612 5780 2848 5849 37,'not.
2885 5785 2977 5845 68,
3009 5794 3057 5837 ct
3088 5782 3178 5848 5.5,
3211 5794 3322 5835 not.
3352 5780 3441 5835 49.
