4168 6456
677 399 780 460 967

1895 385 2386 449 THEOPHANIS
2425 385 2767 445 CERAMEI

3843 390 3954 450 9‘63

679 523 848 562 ausus
903 514 990 562 est
1040 505 1203 561 etiam
1239 499 1586 559 homicidium
1631 504 1965 567 perpetrare.
1997 493 2270 549 Praeterea

2393 493 2481 545 'mb
2505 493 2604 562 τῆς
2638 491 2802 546 αὑτὸν
2835 491 3154 562 σκεπούσης
3177 493 3333 558 θείας
3392 494 3699 564 δυνάμεως,
3759 499 3834 568 ἠδ·
3859 502 3957 570 νῆς

679 601 940 670 quoniam
992 600 1184 654 Petrus
1225 599 1415 651 ovibus
1449 596 1658 647 ratione
1687 591 1926 660 praeditis
1962 588 2262 658 praeﬁcien-

679 697 783 749 dus
817 703 954 754 erat,
986 704 1038 747 et
1093 689 1335 746 solvendi
1415 685 1723 756 ligandique
1802 691 2128 754 potestatem
2175 695 2267 733 ac-

682 800 962 856 cepturus,
991 800 1056 837 ne
1087 783 1140 836 iu
1173 791 1465 849 peccantes
1487 779 1778 832 vehemens
1820 784 1874 828 et
1906 770 2264 841 implacabilis

685 889 848 941 esset,
882 887 934 930 et
961 877 1170 929 duriter
1226 884 1391 941 atque
1422 865 1924 924 immisericorditer
1964 878 2152 932 pcenas
2185 863 2268 914 iu-

685 973 901 1035 lligeret
956 968 1092 1036 (78),
1144 966 1364 1019 meliore
1417 960 1751 1032 providentia
1798 957 1910 1027 (79)
1943 967 2105 1023 atque
2140 969 2269 1007 cou-

685 1064 808 1116 silio
855 1060 1189 1128 permittitur
1216 1059 1433 1120 cadere,
1469 1066 1527 1106 ut
1559 1069 1622 1106 ex
1654 1068 1712 1106 se
1743 1051 1863 1118 ipso
1887 1051 2119 1102 disceret
2143 1061 2268 1116 erga

685 1154 1070 1220 delinquentes
1103 1165 1222 1203 esse
1255 1147 1658 1216 longanimem;
1701 1153 1753 1195 et
1784 1157 1946 1210 quam
1986 1141 2099 1207 ipse
2126 1140 2276 1192 beni-

683 1245 946 1313 gnitatem
1023 1258 1085 1295 ac
1153 1242 1362 1293 veniam
1413 1236 1776 1298 obtinuisset,
1828 1249 1946 1286 eam
1981 1233 2276 1286 clementer

686 1336 811 1389 aliis
845 1335 1166 1400 impertiret.
1202 1330 1314 1384 Nisi
1340 1330 1479 1383 enim
1533 1327 1774 1396 provisa,
1808 1325 1970 1394 377
1999 1339 2061 1378 ac
2085 1323 2272 1390 dispo-

689 1429 792 1480 sita
833 1426 1048 1494 negatio
1082 1423 1230 1476 Petri
1265 1421 1480 1487 fuisset,
1524 1436 1796 1489 nunquam
1852 1433 1985 1470 sane
2035 1424 2108 1469 tot
2142 1425 2267 1468 ante

688 1514 905 1569 saeculis
953 1514 1168 1567 divinus
1205 1512 1375 1564 David
1433 1525 1550 1562 eam
1585 1508 2007 1577 praeuuntiasset
2058 1520 2124 1558 ex
2157 1519 2278 1573 per-

690 1622 824 1660 sona
872 1605 1078 1660 Christi
1117 1606 1302 1658 dicens
1335 1615 1354 1656 :
1395 1623 1412 1654 ι
1445 1603 1506 1655 Et
1532 1602 1622 1668 qui
1681 1600 1981 1652 laudabant
2037 1611 2142 1661 me,
2178 1597 2271 1649 ad-

691 1715 883 1754 versus
921 1715 1008 1752 me
1058 1696 1395 1764 iurabant".
1428 1713 1446 1745 ι
1488 1693 1624 1746 Nam
1661 1693 1801 1746 idem
1852 1692 1961 1756 ille,
2020 1691 2112 1759 qui
2145 1705 2268 1742 eum

692 1794 743 1844 in
782 1790 1031 1861 prtesenti
1081 1789 1286 1851 laudat,
1337 1799 1391 1840 et
1439 1784 1632 1839 Filium
1677 1785 1770 1839 Dei
1823 1787 1928 1838 \‘ivi
1961 1784 2270 1845 cmnﬁtetur,

685 1884 893 1953 juravit
920 1893 1107 1952 postea
1142 1881 1396 1934 eumdem
1428 1894 1531 1934 non
1563 1892 1744 1932 nosse.

771 2161 924 2226 Quod
977 2160 1020 2212 si
1057 2158 1316 2211 rationem
1372 2155 1548 2225 magis
1591 2153 1926 2207 reconditam
1960 2153 2088 2207 licet
2122 2151 2278 2205 attin-

696 2267 848 2321 gere,
882 2249 1100 2320 aliquod
1133 2250 1182 2302 in
1223 2249 1323 2300 hac
1373 2248 1660 2315 negatione
1688 2245 1841 2299 Petri
1885 2246 2030 2299 velut
2067 2245 2277 2298 involu-

699 2357 808 2396 tum
836 2346 1125 2411 aenigmate
1159 2341 1521 2409 signiﬁcatur.
1557 2339 1868 2407 Usqucdum
1921 2338 2061 2390 enim
2090 2338 2282 2391 Petrus

695 2450 822 2502 erga
883 2433 1199 2501 Magistrum
1257 2443 1440 2482 amore
1493 2427 1767 2493 fervebat,
1825 2429 1896 2480 ita
1962 2425 2281 2482 fortitudine

698 2528 937 2581 munitus
993 2535 1149 2589 erat,
1199 2533 1260 2578 ut
1310 2539 1485 2588 neque
1525 2521 1792 2583 custodia,
1832 2534 2009 2587 neque
2059 2522 2279 2585 cohors,

701 2635 874 2689 neque
924 2617 1197 2678 tribunus,
1244 2630 1417 2682 neque
1463 2613 1649 2681 gladii,
1706 2627 1880 2680 neque
1913 2613 2080 2675 tazdze,
2115 2627 2285 2679 neque

701 2712 888 2779 γίνεαι,
916 2724 1012 2761 nec
1039 2722 1196 2760 enses
1227 2707 1376 2760 illum
1408 2703 1904 2772 perterrefeeerint.
1937 2700 2128 2755 Postea
2157 2717 2284 2756 vero

701 2815 863 2870 quam
917 2800 982 2852 ad
1014 2813 1197 2867 pyram
1235 2813 1262 2850 a
1293 2795 1524 2850 Caesaris
1581 2794 1846 2848 militibus
1881 2807 2164 2847 accensam
2193 2808 2285 2848 ac-

709 2891 902 2954 cessit,
946 2901 1072 2942 tnnc
1096 2903 1230 2941 sane
1285 2899 1410 2939 tunc
1444 2886 1723 2939 imbecillis
1757 2886 1964 2939 ancilla:
1995 2885 2283 2939 ludibrium

701 2983 906 3037 factum
957 2992 1062 3035 est.
1101 2983 1164 3034 Et
1201 2997 1296 3033 uos
1347 2980 1512 3048 igitur
1555 2981 1680 3032 dum
1714 2978 1916 3031 Christi
1970 2992 2177 3042 amore,
2230 2987 2288 3031 et

702 3074 845 3142 ignis
873 3072 1062 3126 aeterni
1122 3071 1469 3126 meditatione
1501 3068 1933 3138 ﬂagraveriuius,
1997 3083 2097 3122 nec
2158 3069 2284 3134 tela,

2375 587 2630 656 ῥυπαρᾶς
2658 587 2836 656 ἥττων
2876 585 3096 652 ἐγένετο
3152 586 3212 639 τὺ
3245 587 3346 657 τῆς
3392 591 3639 659 μοιχείας
3671 591 3802 660 ἄγος
3861 596 3957 647 καὶ

2371 679 2469 749 τὴν
2497 679 2590 731 τοῦ
2647 681 2809 747 φόνου
2862 679 3071 749 τόλμαν
3120 681 3589 752 διαπραξάμενος.
3627 685 3838 749 Ἀλλως
3868 706 3950 751 τε,

2373 773 2468 826 καὶ
2499 772 2688 841 ἐπειδὴ
2719 765 2876 835 οὗτος
2906 773 3098 842 ἔμελλε
3123 775 3235 826 τῶν
3270 776 3507 843 λογικῶν
3539 779 3834 846 προῦάτων
3858 781 3956 847 τὴν

2377 865 2722 936 προστασίαν
2767 867 3138 930 εἰσδέξασθαι,
3169 869 3375 923 καὶτοῦ
3404 870 3623 938 δεσμεῖν
3657 873 3754 924 xai
3804 873 3957 924 λύειν

2375 959 2475 1026 τὴν
2505 957 2754 1022 ἐξουσίαν
2781 957 2986 1023 λαὸεῖν,
3030 960 3117 1012 ἵνα
3149 959 3221 1028 μὴ
3242 959 3413 1029 βαρύς
3445 981 3526 1024 τις
3653 966 3748 1016 καὶ
3787 964 3959 1033 ἀςύγο

2375 1065 2620 1114 γνωστος
2678 1053 2791 1112 τοῖς
2843 1051 3277 1119 ἁμαρτάνουσιν,
3315 1054 3610 1124 ἀποτόμως
3657 1058 3750 1109 καὶ
3780 1062 3961 1128 ἀσυμ-

2377 1141 2565 1204 παθῶς
2589 1144 2813 1210 ἐπάγων
2862 1143 2930 1195 τά
2989 1143 3264 1214 ἐπιτίμια,
3315 1147 3630 1217 προμηθείᾳ
3684 1151 3958 1218 κρείττονι

2378 1237 2791 1305 παραχωρεῖται
2816 1239 3025 1300 πεσεῖν,
3089 1237 3165 1300 ὠς
3189 1239 3257 1292 ἂν
3274 1239 3820 1312 ἐξὲαυτοῦπαιδευθῇ
3849 1244 3959 1305 τοῖς

2381 1330 2669 1381 πταίουσιν
2711 1326 2853 1380 εἶναι
2908 1331 3289 1399 μακρόθυμος,
3325 1333 3674 1395 ἀνεξικάκως
3711 1336 3806 1385 καὶ
3847 1339 3960 1396 τοῖς

2379 1422 2562 1481 ἄλλοις
2591 1421 2928 1491 μεταδιδοὺς,
2969 1421 3037 1494 ἧς
3092 1425 3256 1486 αὐτὸς
3317 1425 3533 1492 εἰλήφει
3587 1426 3960 1494 χρηστότητός

2377 1529 2433 1564 τε
2481 1513 2577 1564 καὶ
2625 1515 3055 1584 συγχωρήσεως.
3085 1516 3147 1566 El
3187 1517 3298 1586 γάρ
3332 1517 3407 1585 μὴ
3445 1513 3513 1584 ἦν
3549 1519 3837 1582 οίκονομία
3866 1520 3959 1570 τοῦ

2379 1604 2589 1670 Πέτρου
2687 1607 2940 1674 ἄρνησις,
3003 1605 3102 1657 ούκ
3135 1606 3201 1657 ἂν
3232 1608 3340 1676 πρὸ
3394 1607 3666 1659 τοσούτων
3695 1609 3903 1673 γενεῶν
3936 1610 3960 1657 ὁ

2378 1694 2668 1758 θεσπέσιος
2698 1698 2864 1748 Δαὸὶδ
2901 1697 3059 1750 τοῦτο
3086 1699 3440 1767 προεμήνυσε
3493 1699 3668 1768 λέγων
3697 1703 3759 1752 ἐγ
3797 1718 3963 1765 προσ-

2378 1786 2527 1839 ώπου
2560 1787 2798 1856 Χριστοῦ
2833 1805 2846 1817 ·
2895 1806 2912 1838 ι
2951 1790 3061 1841 Καὶ
3085 1791 3132 1840 oi
3163 1788 3524 1850 ἐπαινοῦντές
3570 1807 3638 1856 με
3679 1793 3800 1842 κατ’
3825 1791 3960 1859 ἐμοῦ

2379 1876 2616 1946 ὤμνυον.
2658 1897 2673 1928 ι
2724 1878 2783 1928 '(l
2816 1878 2924 1947 γὰρ
2972 1879 3066 1931 νῦν
3122 1880 3418 1942 ἐπαινέσας
3466 1882 3654 1944 αὑτὸν,
3705 1883 3798 1932 καὶ
3837 1883 3964 1933 Υἱὸν

2379 1969 2517 2022 Θεοῦ
2551 1970 2644 2022 τοῦ
2673 1971 2875 2034 ζῶντος
2905 1969 3301 2041 ὡμολογηκὼς,
3341 1970 3525 2040 ὤμνυε
3555 1974 3675 2025 τότε
3709 1974 3788 2043 μὴ
3814 1974 3957 2026 εἰδέ-

2377 2079 2466 2114 ναι
2499 2063 2687 2115 αὐτόν.

2453 2153 2518 2206 Ei
2549 2152 2606 2206 δὲ
2632 2152 2714 2205 δεῖ
2753 2165 2847 2205 και
2909 2155 3341 2225 μυστικωτέρων
3401 2155 3579 2222 λόγων
3624 2156 3965 2223 ἐφάψασσαι,

2383 2247 2617 2314 αἴνιγμα
2643 2240 2711 2315 ἦν
2749 2246 2810 2297 τὸ
2863 2245 2951 2297 διὰ
2985 2246 3085 2312 τῆς
3116 2247 3402 2316 ἀρνήσεως
3454 2250 3664 2315 Πέτρου
3699 2248 3969 2316 δηλούμε·

2381 2355 2492 2391 νον.
2527 2339 2706 2408 Μέχρι
2739 2338 2840 2407 μὲν
2871 2337 2979 2407 γὰρ
3016 2337 3092 2406 τῷ
3126 2338 3261 2406 πρὸς
3305 2341 3397 2390 τὸν
3431 2328 3771 2392 Διδασκαλον
3806 2340 3969 2408 ἔρωτι

2385 2431 2413 2482 ὁ
2447 2430 2652 2500 Πέτρος
2678 2430 3114 2500 διεθερμαίνετο,
3157 2431 3386 2502 ἀνδρείᾳ
3445 2431 3749 2500 ὲστόμωτο,
3789 2433 3884 2482 καὶ
3909 2432 3967 2481 ού

2381 2525 2678 2576 κατεπτόει
2704 2522 2896 2574 τοῦτον
2923 2523 3249 2588 κουστωδία,
3278 2525 3372 2575 καὶ
3395 2528 3618 2590 σπεῖρα,
3643 2525 3738 2575 καὶ
3760 2524 3974 2590 χιλίαρ-

2385 2637 2500 2689 χος,
2532 2621 2624 2670 καὶ
2657 2617 2809 2688 ξίφη,
2845 2618 2938 2670 καὶ
2963 2617 3142 2687 δᾷδες,
3163 2617 3256 2669 καὶ
3278 2617 3528 2688 κορύναι,
3577 2618 3972 2685 καὶφάσγανα,

2390 2711 2522 2763 Ὅτε
2549 2710 2605 2762 δὲ
2637 2711 2979 2778 π,,οσήγγισε
3034 2713 3102 2779 τῇ
3163 2711 3335 2779 πυρᾷ,
3361 2711 3429 2779 ἢν
3457 2710 3672 2776 ἀιῆψαν
3717 2712 3766 2760 οἱ
3800 2726 3973 2778 στρα-

2395 2805 2591 2856 τιῶται
2643 2801 2737 2854 τοῦ
2795 2803 3096 2870 Καίσαρος,
3131 2805 3254 2855 τότε
3297 2804 3360 2871 δὴ
3393 2803 3514 2855 τότε
3544 2802 3758 2871 φαύλης
3792 2803 3976 2853 παιδί-

2397 2910 2535 2962 σκης
2564 2894 2785 2958 ἐγένετο
2817 2891 3094 2956 παίγνιον.
3128 2893 3274 2953 Ἕως
3308 2892 3374 2942 ἂν
3401 2887 3497 2942 οὖν
3547 2893 3639 2942 καὶ
3668 2893 3817 2958 ἡμᾶς
3853 2890 3978 2942 δια-

2407 2983 2678 3054 θερμαίνῃ
2709 2985 2736 3036 δ
2770 2983 2904 3050 πρὸς
2961 2982 3093 3035 Θεὸν
3122 2981 3280 3045 ἔρως,
3315 2983 3465 3051 καὶὴ
3500 2984 3691 3051 μνήμη
3723 2983 3818 3034 τοῦ
3853 2985 3979 3034 αἰω-

2393 3076 2511 3127 νίου
2581 3077 2774 3144 πυρὸς,
2805 3075 2864 3126 οὐ
2922 3072 3238 3143 πτοούμεθα
3269 3075 3334 3126 τὰ
3367 3074 3519 3141 ξίφη,
3553 3075 3651 3126 καὶ
3678 3073 3778 3134 τάς
3814 3074 3979 3143 δᾷδας

705 3182 805 3219 nec
856 3165 1004 3219 faces
1058 3165 1416 3217 teutationutn
1443 3204 1456 3227 ,
1497 3179 1596 3218 nec
1648 3165 1951 3215 daemonum
1983 3162 2284 3224 cohortem,

2393 3167 2505 3218 τῶν
2550 3166 2900 3236 πειρασμῶν,
2938 3165 3057 3217 οὺδέ
3113 3167 3214 3233 τὴν
3244 3167 3352 3218 τῶν
3406 3165 3686 3232 δαιμόνων
3721 3168 3976 3234 σπεῖραν,

708 3271 811 3309 nec
847 3256 1124 3308 tribunum
1185 3255 1334 3308 illum
1385 3255 1683 3322 principem
1734 3255 2086 3306 tenebrarum
2122 3253 2288 3321 perti-

710 3361 1015 3400 mescemus
1048 3363 1060 3400 :
1097 3347 1140 3399 si
1185 3361 1309 3398 vero
1358 3345 1424 3398 ad
1470 3345 1805 3414 voluptatum
1858 3359 2058 3412 prunas
2086 3383 2100 3406 ,
2153 3358 2286 3411 quas

711 3439 915 3492 milites
943 3440 1217 3507 principes
1246 3439 1466 3506 hujusce
1495 3438 1676 3490 mundi
1709 3440 2065 3500 succendunt,
2098 3449 2290 3504 appro-

709 3532 1173 3600 pinquaverituus,
1213 3546 1318 3585 non
1350 3531 1576 3584 multum
1611 3530 1830 3583 habebit
1862 3529 2060 3596 negotii
2106 3529 2289 3579 inimi-

709 3639 807 3676 cus
857 3632 1064 3685 noster,
1126 3633 1182 3675 ut
1234 3638 1334 3676 nos
1382 3625 1617 3675 abducat
1662 3637 1691 3675 a
1735 3620 1863 3674 Deo.
1901 3620 2115 3685 Quaavis
2146 3619 2289 3671 enim

713 3730 877 3782 parva
943 3729 1006 3767 ac
1038 3715 1214 3768 tennis
1243 3714 1438 3768 ancilla
1470 3715 1535 3768 ad
1569 3714 1813 3767 violanda
1845 3724 1999 3783 pacta
2032 3726 2153 3762 cum
2184 3711 2292 3763 Deo

649 3818 658 3836 ‘-
712 3808 843 3860 inita
899 3822 996 3859 nos
1044 3807 1284 3860 inducet.
1330 3805 1647 3872 llujusmodi
1681 3807 1857 3874 ignem
1886 3806 2148 3858 adversus
2179 3821 2293 3855 Ina-

715 3915 879 3968 gnum
907 3897 1055 3950 illum
1089 3896 1343 3951 Davidem
1375 3899 1646 3952 dwmones
1674 3896 2096 3949 inﬂammarunt.
2126 3893 2294 3946 Simul

715 3991 861 4041 enim
901 4005 964 4042 ac
1017 3989 1314 4042 Betbsabee
1345 3989 1801 4058 pulchritudinem
1833 3988 2061 4055 aspexit,
2096 3985 2296 4037 oblitus

715 4092 801 4135 est
832 4081 922 4134 Dei
950 4081 1018 4135 ⁸⁸.
1052 4081 1204 4146 Quod
1239 4081 1382 4133 enim
1422 4081 1760 4148 voluptatum
1795 4080 2150 4130 incitamenta
2188 4075 2296 4142 igni

720 4174 1027 4227 consimilia
1061 4175 1188 4238 sint,
1227 4174 1483 4227 admonet
1515 4173 1767 4226 Salomon
1798 4187 1811 4222 :
1845 4186 1914 4223 ne
1952 4169 2109 4222 nudis
2148 4166 2296 4234 pedi-

716 4268 819 4320 bus
851 4265 968 4333 (80)
1000 4265 1289 4318 carbonem
1337 4265 1706 4333 attingamus,
1761 4277 1932 4327 neque
1977 4273 2300 4328 reponamus

719 4358 896 4426 ignem
936 4358 988 4408 in
1027 4357 1188 4416 sinu;
1226 4358 1389 4423 pedes
1444 4359 1585 4410 enim
1623 4365 1677 4408 et
1723 4356 1897 4408 sinum
1935 4353 2144 4405 adustio
2170 4368 2303 4404 cou-

717 4449 1058 4516 sequetur".
1113 4447 1206 4502 Vis
1269 4449 1374 4514 igni
1441 4450 1622 4501 divino
1664 4446 2055 4501 eﬂ‘ervescere?
2090 4447 2299 4508 mortis,

2403 3259 2498 3309 καὶ
2530 3260 2620 3309 τὸν
2657 3258 2869 3324 ζοφώδη
2928 3257 3210 3326 χιλίαρχον
3238 3272 3251 3286 ⁸
3289 3257 3336 3307 εί
3397 3256 3455 3308 δὲ
3506 3259 3982 3326 προσεγγίσαιμεν

2390 3351 2500 3402 τῶν
2533 3350 2736 3420 ἡδονῶν
2765 3352 2830 3418 τῇ
2865 3351 3134 3418 πυρκαῖᾷ,
3167 3348 3234 3417 ἦν
3263 3348 3606 3416 ὑφάπτουσιν
3629 3351 3676 3399 οί
3709 3351 3984 3416 στρατιῶο

2393 3459 2484 3492 ται
2540 3439 2636 3490 τοῦ
2701 3439 3168 3508 κοσμοκράτορος,
3234 3439 3294 3490 οὐ
3331 3440 3500 3500 πολὺς
3533 3439 3688 3491 ἐσται
3725 3440 3982 3507 κάματος

2393 3534 2470 3599 τῷ
2510 3531 2699 3601 ἐχθρῷ
2755 3530 3067 3598 ἀποστῆσαι
3118 3532 3264 3599 ἡμᾶς
3321 3531 3414 3582 τοῦ
3471 3531 3627 3582 Θεοῦ.
3663 3533 3776 3582 Καὶ
3807 3537 3986 3602 μικρά

2394 3621 2503 3690 γάρ
2536 3638 2619 3682 τις
2649 3620 2740 3671 καὶ
2772 3618 2951 3687 φαύλη
2982 3620 3238 3688 παιδίσκη
3269 3622 3685 3689 παρασκευάαει
3716 3621 3815 3683 τὰς
3846 3623 3986 3691 πρὸς

2397 3713 2530 3763 Θεὸν
2561 3712 2836 3778 συνθήκας
2883 3712 3254 3778 ἀρνήσασθαι.
3299 3711 3555 3762 Τοιοῦτον
3591 3713 3703 3780 πῦρ
3760 3714 3988 3779 ἀνῆψαν

2397 3807 2443 3854 oi
2486 3803 2737 3869 δαίμονες
2768 3801 2909 3852 κατά
2937 3800 3030 3852 τοῦ
3070 3802 3309 3870 μεγάλου
3348 3801 3513 3852 Δαόίδ
3541 3819 3555 3832 ·
3589 3802 3728 3869 ὁμοῦ
3771 3821 3831 3856 τε
3876 3805 3987 3873 γαρ

2397 3888 2504 3944 εἶδε
2533 3891 2592 3942 τὸ
2628 3891 2823 3952 κάλλος
2874 3890 3186 3959 Βηρσαὸεὲ,
3223 3893 3316 3944 καὶ
3345 3891 3441 3943 τοῦ
3486 3891 3621 3943 Θεοῦ
3659 3894 3986 3945 ἐπελάθετο.

2402 3983 2662 4050 Ὃτιγάρ
2695 3983 2764 4034 τά
2818 3981 2929 4034 τῶν
2990 3982 3195 4049 ἡδονῶν
3248 3983 3664 4051 ὑπεκκαύματα
3719 3983 3800 4051 τῷ
3854 3986 3990 4054 πυρὶ

2401 4076 2786 4143 ἁφωμοίωται,
2825 4077 3087 4142 παραινεῖ
3112 4074 3407 4142 Σολομών⁶
3443 4077 3518 4145 μὴ
3559 4076 3855 4142 ἐπιψαύειν
3895 4080 3990 4129 ἄκ-

2401 4167 2606 4235 θρακος
2656 4163 2850 4231 γυμνῷ
2875 4164 2954 4231 τῷ
2983 4165 3103 4216 ποδί
3137 4180 3149 4194 ο
3191 4168 3331 4234 μήτε
3391 4167 3502 4234 πῦρ
3526 4167 3600 4234 τῷ
3643 4168 3831 4234 κόλπῳ
3865 4172 3993 4218 ἐνα-

2403 4255 2754 4310 ποτίθεσθαι·
2794 4256 3226 4324 ἐπακολουθήσει
3283 4257 3456 4328 γὰρὴ
3511 4257 3742 4320 καῦσις,
3789 4265 3883 4310 xai
3913 4261 3992 4327 τῷ

2404 4348 2592 4416 κόλπῳ
2626 4352 2716 4400 καὶ
2747 4348 2825 4415 τῷ
2857 4347 3000 4400 ποδί.
3028 4348 3218 4400 Βούλει
3251 4347 3627 4418 θερμανθῆναι
3652 4350 3782 4421 θείῳ
3811 4356 3948 4420 πυρί
3975 4372 3990 4416 ;

2414 4440 2627 4508 Μελέτη
2662 4455 2742 4490 σοι
2770 4438 2856 4488 διὰ
2890 4437 3005 4504 βίου
3035 4435 3176 4488 ἐστω
3202 4438 3229 4487 ὁ
3254 4438 3507 4502 θάνατος,
3543 4440 3716 4490 καὶτὸ
3752 4441 3992 4509 φοδερὸν

716 4549 772 4591 et
803 4539 1068 4591 tremendi
1097 4538 1283 4606 iudicii
1333 4539 1614 4592 meditatio
1645 4539 1714 4592 sit
1747 4539 1856 4591 vita
1896 4549 2021 4600 tua;
2055 4546 2215 4605 atque
2244 4539 2286 4589 iu

2407 4531 2748 4598 λογοθέσιον,
2781 4529 2877 4580 καὶ
2905 4530 2962 4578 ἐν
3023 4531 3090 4596 τῇ
3127 4527 3356 4598 τοιαύτη
3411 4529 3610 4597 μελέτη
3661 4547 3756 4580 σου
3784 4533 3989 4582 ἐκκαυ-

725 4631 1031 4698 hnjusmodi
1099 4633 1449 4684 meditatione
1512 4632 1830 4684 exardescet
1885 4629 2107 4696 ignis".
2156 4629 2294 4694 Quid

721 4722 886 4789 igitur
921 4723 986 4772 ab
1021 4720 1122 4773 hoc
1157 4722 1424 4788 θοι-γρίιωί
1459 4719 1600 4774 facto
1637 4721 1776 4772 velut
1811 4720 2096 4788 aenigmate
2130 4718 2301 4772 disci-

723 4828 846 4863 mos
874 4812 892 4862 .'
917 4812 1156 4864 devitare
1181 4813 1514 4879 voluptatum
1544 4813 1742 4876 ignem,
1761 4819 1933 4863 etnos
1963 4810 2106 4879 ipsos
2133 4823 2160 4860 a
2184 4825 2298 4861 ma-

798 4956 844 4987 ⁸⁵
875 4956 1015 5011 Psal.
1044 4971 1117 5021 cr,
1150 4958 1201 5012 9.
1285 4959 1328 4989 ³⁸
1361 4957 1401 5011 ll
1433 4957 1564 5027 Reg.
1597 4974 1667 5022 ιι,
1704 4960 1757 5013 3.

1838 4959 2059 5012 "Prov.
2088 4973 2164 5024 vi,
2189 4957 2287 5024 27,
2323 4955 2413 5010 28.

2411 4625 2637 4694 θήσεται
2669 4621 2802 4692 πῦρ.
2830 4621 2894 4672 Τί
2923 4615 3018 4672 οὖν
3079 4620 3158 4690 τῷ
3185 4621 3278 4672 τοῦ
3336 4623 3634 4690 κορυφαίου
3699 4623 3993 4689 αίνίγματι

2410 4712 2818 4780 παιδευόμεθα;
2859 4711 2940 4762 Τὸ
2973 4710 3082 4782 πῦρ
3140 4712 3411 4765 ἐκκλίνειν
3465 4714 3576 4765 τῶν
3635 4715 3867 4784 ἡδονῶν,
3897 4717 3994 4766 καὶ

2416 4808 2612 4878 πόρρω
2639 4806 2918 4873 διατηρεῖν
2959 4805 3192 4868 ἑαυτοὺς
3225 4806 3319 4859 τοῦ
3353 4806 3528 4859 κακοῦ
3561 4808 3990 4876 γειτονήματος.

2492 4956 2536 4988 ³⁸
2564 4954 2707 5009 Psal.
2746 4968 2974 5017 xxxviii,
3005 4953 3061 5007 4.

1962 5069 2283 5130 Francisci
2321 5069 2532 5130 Scorsi
2566 5076 2750 5128 notm.

798 5201 912 5271 ('78)
971 5200 1158 5255 Pennas
1211 5201 1488 5270 inﬂigeret.
1541 5199 1826 5266 Ἐπιτίμια
1881 5196 2041 5271 habet
2087 5196 2308 5271 Gtmcus

730 5267 970 5340 apposite
1015 5290 1027 5324 :
1080 5283 1206 5325 sunt
1250 5267 1394 5324 οιιίιιι
1442 5272 1656 5339 pr0prie
1701 5269 2068 5322 ecclesiastica
2118 5267 2305 5331 multa,

727 5358 956 5408 quarunt
988 5345 1246 5395 rationem
1275 5353 1328 5394 et
1355 5341 1582 5394 fortnam
1613 5343 1754 5407 leges
1787 5340 1974 5408 synod.
2001 5352 2073 5390 vtt
2107 5352 2306 5391 meum.

731 5407 836 5462 act.
861 5413 916 5473 ‘2,
945 5413 1032 5464 llbl
1064 5415 1181 5479 ejus
1210 5413 1452 5464 vocabuli
1484 5426 1629 5464 usus.
1658 5407 2116 5475 Quod’aduotavit
2143 5409 2304 5479 etiam

731 5480 997 5535 Baronius
1038 5475 1127 5536 an.
1162 5483 1285 5544 869,
1322 5479 1561 5534 referens
1601 5483 1790 5550 synodi
1845 5480 2009 5546 ipsius
2055 5488 2160 5530 act.
2195 5475 2309 5528 Non

731 5565 867 5619 nego
926 5555 1064 5618 apud
1111 5563 1320 5605 veteres
1378 5553 1666 5619 scriptores
1722 5562 1775 5603 et
1817 5551 1926 5615 jam
1990 5563 2086 5616 pro
2143 5550 2311 5619 multa

726 5617 1014 5686 iudiciaria
1046 5624 1318 5691 usurpari.
1344 5622 1462 5686 Dio,
1489 5617 1581 5674 lib.
1607 5635 1713 5684 Liv,
1739 5633 1792 5674 et
1820 5621 1912 5673 iib.
1940 5635 2126 5683 xxxvi,
2155 5617 2310 5670 initio

731 5705 797 5741 80
828 5706 978 5744 USIIS.

808 5761 943 5886 ρξέὶῖ
957 5759 1175 5816 Meliore
1205 5763 1556 5833 providentia.
1588 5760 1720 5817 Vide
1751 5775 1912 5831 supra
1945 5762 2011 5814 ad
2044 5759 2188 5812 hom.
2219 5757 2308 5823 37,

737 5841 846 5886 ηοι.
878 5841 966 5888 U7.

2481 5194 2594 5265 (80)
2654 5191 2830 5265 Nudis
2880 5188 3119 5265 pedibus.
3165 5184 3243 5265 Es
3292 5185 3453 5265 Prov.
3491 5200 3610 5251 cap.
3650 5200 3736 5247 vt,
3765 5202 3990 5265 sensum

2411 5257 2516 5319 non
2550 5257 2709 5317 verba
2742 5261 2996 5319 desumit,
3025 5273 3146 5324 qua:
3179 5257 3286 5308 alio
3315 5258 3504 5308 ordine
3539 5266 3662 5308 sunt
3692 5259 3988 5322 collocata;

2410 5341 2488 5389 sic
2519 5336 2659 5388 enim
2691 5335 2890 5383 habent
2917 5348 2929 5380 :
2955 5326 3248 5393 Ἀποθήσει
3274 5342 3362 5387 τις
3390 5324 3502 5393 πῦρ
3533 5326 3592 5376 ἐν
3621 5326 3829 5391 κόλπῳ,
3855 5329 3992 5379 τὰδὲ

2413 5407 2604 5475 ἱμάτια
2634 5404 2695 5454 οὐ
2721 5397 3140 5475 κατακαύσειηῇ
3169 5398 3533 5475 περιπατήσει
3565 5413 3647 5475 τις
3677 5398 3764 5448 ἐπ’
3789 5398 3994 5475 ςυθρει-

2421 5466 2532 5528 κῶν
2560 5472 2900 5539 πυρὸς,τοῦς
2935 5468 2991 5520 δὲ
3033 5467 3201 5539 πόδας
3246 5466 3314 5539 ού.
3344 5466 3720 5539 κατακαύσεις
3757 5467 3931 5539 οὕτως
3967 5470 3995 5518 ὁ

2421 5535 2678 5598 εἰσελθων
2732 5544 2808 5597 είς
2865 5539 3099 5606 γυναῖκα
3148 5535 3458 5604 ῦπανδρονο
3505 5538 3778 5604 numquid
3828 5548 3994 5603 potest

2419 5620 2572 5667 homo
2614 5610 2926 5664 abscondere
2970 5610 3140 5674 ignem
3184 5610 3236 5658 in
3281 5623 3401 5658 eum
3441 5623 3557 5667 suo,
3597 5620 3647 5656 ut
3685 5610 3993 5661 vestimenta

2420 5685 2567 5738 illius
2609 5700 2709 5734 mm
2755 5678 3014 5732 ardeant?
3053 5691 3146 5727 aut
3187 5678 3456 5728 ambulare
3493 5693 3647 5740 super
3681 5694 3904 5743 prunas,
3937 5686 3993 5726 ut

2419 5772 2521 5808 non
2557 5756 2931 5806 comburantur
2964 5748 3159 5815 planta
3180 5748 3316 5813 ejus,
3356 5749 3429 5799 sic
3470 5749 3558 5814 qui
3598 5747 3894 5815 ingreditur
3926 5746 3996 5797 ad

2418 5827 2684 5878 mulierem
2715 5821 2939 5890 proximi
2969 5817 3070 5871 sui.
