  <div class='ocr_page' id='page_1' title='image "/cluster/home/n/w/nwhite01/storage/ocr_20150623/132/nnc1.0046979662/494.png"; bbox 0 0 4168 6456; ppageno 0'>
   <div class='ocr_carea' id='block_1_1' title="bbox 228 421 331 486">
    <p class='ocr_par' dir='ltr' id='par_1_1' title="bbox 228 421 331 486">
     <span class='ocr_line' id='line_1_1' title="bbox 228 421 331 486; baseline 0.01 -1"><span class='ocrx_word' id='word_1_1' title='bbox 228 421 331 486; x_wconf 77' lang='lat'><strong>969</strong></span> 
     </span>
    </p>
   </div>
   <div class='ocr_carea' id='block_1_2' title="bbox 1605 403 2125 466">
    <p class='ocr_par' dir='ltr' id='par_1_2' title="bbox 1605 403 2125 466">
     <span class='ocr_line' id='line_1_2' title="bbox 1605 403 2125 466; baseline -0.006 0"><span class='ocrx_word' id='word_1_2' title='bbox 1605 404 1935 466; x_wconf 81' lang='lat' dir='ltr'><strong>HOMILIA</strong></span> <span class='ocrx_word' id='word_1_3' title='bbox 1977 403 2125 465; x_wconf 85' lang='lat' dir='ltr'><strong>LVI.</strong></span> 
     </span>
    </p>
   </div>
   <div class='ocr_carea' id='block_1_3' title="bbox 3371 399 3476 464">
    <p class='ocr_par' dir='ltr' id='par_1_3' title="bbox 3371 399 3476 464">
     <span class='ocr_line' id='line_1_3' title="bbox 3371 399 3476 464; baseline 0.029 -4"><span class='ocrx_word' id='word_1_4' title='bbox 3371 399 3476 464; x_wconf 86' lang='lat'><strong>970</strong></span> 
     </span>
    </p>
   </div>
   <div class='ocr_carea' id='block_1_4' title="bbox 232 507 1812 595">
    <p class='ocr_par' dir='ltr' id='par_1_4' title="bbox 232 517 1797 595">
     <span class='ocr_line' id='line_1_4' title="bbox 232 517 1797 595; baseline -0.01 -11"><span class='ocrx_word' id='word_1_5' title='bbox 232 534 293 583; x_wconf 77' lang='lat' dir='ltr'><strong>Ei</strong></span> <span class='ocrx_word' id='word_1_6' title='bbox 318 530 375 584; x_wconf 78' lang='grc' dir='ltr'>δέ</span> <span class='ocrx_word' id='word_1_7' title='bbox 411 548 515 582; x_wconf 81' lang='grc' dir='ltr'>τινι</span> <span class='ocrx_word' id='word_1_8' title='bbox 547 526 729 595; x_wconf 72' lang='grc' dir='ltr'>συμϐῇ</span> <span class='ocrx_word' id='word_1_9' title='bbox 757 523 912 577; x_wconf 76' lang='grc' dir='ltr'>τοῦτο</span> <span class='ocrx_word' id='word_1_10' title='bbox 945 519 1200 589; x_wconf 76' lang='grc' dir='ltr'>γενέσθαι</span> <span class='ocrx_word' id='word_1_11' title='bbox 1243 520 1393 581; x_wconf 82' lang='grc' dir='ltr'>ποτὲ,</span> <span class='ocrx_word' id='word_1_12' title='bbox 1431 518 1525 570; x_wconf 79' lang='grc' dir='ltr'>καὶ</span> <span class='ocrx_word' id='word_1_13' title='bbox 1568 517 1661 570; x_wconf 84' lang='grc' dir='ltr'><strong>τοῦ</strong></span> <span class='ocrx_word' id='word_1_14' title='bbox 1691 534 1797 569; x_wconf 83' lang='grc' dir='ltr'>πυ-</span> 
     </span>
    </p>
   </div>
   <div class='ocr_carea' id='block_1_5' title="bbox 1917 507 3478 595">
    <p class='ocr_par' dir='ltr' id='par_1_5' title="bbox 1917 507 3478 581">
     <span class='ocr_line' id='line_1_5' title="bbox 1917 507 3478 581; baseline -0.001 -14"><span class='ocrx_word' id='word_1_15' title='bbox 1917 514 2081 567; x_wconf 86' lang='lat' dir='ltr'><strong>lorum</strong></span> <span class='ocrx_word' id='word_1_16' title='bbox 2120 510 2317 566; x_wconf 78' lang='lat' dir='ltr'><strong>vicinia</strong></span> <span class='ocrx_word' id='word_1_17' title='bbox 2358 510 2541 580; x_wconf 79' lang='lat' dir='ltr'><strong>procul</strong></span> <span class='ocrx_word' id='word_1_18' title='bbox 2574 510 2883 581; x_wconf 74' lang='lat' dir='ltr'><strong>abiungere.</strong></span> <span class='ocrx_word' id='word_1_19' title='bbox 2918 508 3070 577; x_wconf 83' lang='lat' dir='ltr'><strong>Quod</strong></span> <span class='ocrx_word' id='word_1_20' title='bbox 3127 507 3171 562; x_wconf 88' lang='lat' dir='ltr'><strong>si</strong></span> <span class='ocrx_word' id='word_1_21' title='bbox 3220 510 3306 564; x_wconf 91' lang='lat' dir='ltr'><strong>cui</strong></span> <span class='ocrx_word' id='word_1_22' title='bbox 3339 510 3478 565; x_wconf 82' lang='lat' dir='ltr'><strong>forte</strong></span> 
     </span>
    </p>
   </div>
   <div class='ocr_carea' id='block_1_6' title="bbox 234 610 1805 693">
    <p class='ocr_par' dir='ltr' id='par_1_6' title="bbox 234 610 1805 693">
     <span class='ocr_line' id='line_1_6' title="bbox 234 610 1805 693; baseline -0.009 -17"><span class='ocrx_word' id='word_1_23' title='bbox 234 625 327 693; x_wconf 75' lang='grc' dir='ltr'><strong>ρδς</strong></span> <span class='ocrx_word' id='word_1_24' title='bbox 363 623 684 692; x_wconf 78' lang='grc' dir='ltr'><strong>μετασχεῖν,</strong></span> <span class='ocrx_word' id='word_1_25' title='bbox 720 618 751 688; x_wconf 83' lang='grc' dir='ltr'>ἢ</span> <span class='ocrx_word' id='word_1_26' title='bbox 784 618 878 669; x_wconf 84' lang='grc' dir='ltr'><strong>τοῦ</strong></span> <span class='ocrx_word' id='word_1_27' title='bbox 928 614 1138 668; x_wconf 77' lang='grc' dir='ltr'>καπνοῦ</span> <span class='ocrx_word' id='word_1_28' title='bbox 1177 616 1276 682; x_wconf 83' lang='grc' dir='ltr'>τῆς</span> <span class='ocrx_word' id='word_1_29' title='bbox 1323 610 1805 680; x_wconf 75' lang='grc' dir='ltr'><strong>συγκαταθέσεως,</strong></span> 
     </span>
    </p>
   </div>
   <div class='ocr_carea' id='block_1_7' title="bbox 236 702 1806 784">
    <p class='ocr_par' dir='ltr' id='par_1_7' title="bbox 236 702 1806 784">
     <span class='ocr_line' id='line_1_7' title="bbox 236 702 1806 784; baseline -0.01 -16"><span class='ocrx_word' id='word_1_30' title='bbox 236 716 510 784; x_wconf 73' lang='grc' dir='ltr'>ὀτραλέως</span> <span class='ocrx_word' id='word_1_31' title='bbox 574 711 953 780; x_wconf 74' lang='grc' dir='ltr'>ἀποπηδῆσαι,</span> <span class='ocrx_word' id='word_1_32' title='bbox 1005 707 1100 761; x_wconf 77' lang='grc' dir='ltr'>καὶ</span> <span class='ocrx_word' id='word_1_33' title='bbox 1154 706 1353 759; x_wconf 78' lang='grc' dir='ltr'>θᾶττον</span> <span class='ocrx_word' id='word_1_34' title='bbox 1387 704 1494 767; x_wconf 74' lang='grc' dir='ltr'>ἔξω</span> <span class='ocrx_word' id='word_1_35' title='bbox 1549 702 1806 771; x_wconf 84' lang='grc' dir='ltr'>γενέσθαι</span> 
     </span>
    </p>
   </div>
   <div class='ocr_carea' id='block_1_8' title="bbox 232 796 1808 874">
    <p class='ocr_par' dir='ltr' id='par_1_8' title="bbox 232 796 1808 874">
     <span class='ocr_line' id='line_1_8' title="bbox 232 796 1808 874; baseline -0.01 -14"><span class='ocrx_word' id='word_1_36' title='bbox 232 809 326 860; x_wconf 80' lang='grc' dir='ltr'><strong>τοῦ</strong></span> <span class='ocrx_word' id='word_1_37' title='bbox 349 806 672 874; x_wconf 75' lang='grc' dir='ltr'><strong>πτώματος,</strong></span> <span class='ocrx_word' id='word_1_38' title='bbox 714 804 793 872; x_wconf 80' lang='grc' dir='ltr'>τῷ</span> <span class='ocrx_word' id='word_1_39' title='bbox 836 802 929 853; x_wconf 85' lang='grc' dir='ltr'><strong>τοῦ</strong></span> <span class='ocrx_word' id='word_1_40' title='bbox 978 799 1219 870; x_wconf 83' lang='grc' dir='ltr'><strong>μεγάλου</strong></span> <span class='ocrx_word' id='word_1_41' title='bbox 1274 797 1482 865; x_wconf 84' lang='grc' dir='ltr'><strong>Πέτρου</strong></span> <span class='ocrx_word' id='word_1_42' title='bbox 1532 796 1808 862; x_wconf 80' lang='grc' dir='ltr'>ἑπόμενον</span> 
     </span>
    </p>
   </div>
   <div class='ocr_carea' id='block_1_9' title="bbox 232 884 1808 971">
    <p class='ocr_par' dir='ltr' id='par_1_9' title="bbox 232 884 1808 971">
     <span class='ocr_line' id='line_1_9' title="bbox 232 884 1808 971; baseline -0.01 -18"><span class='ocrx_word' id='word_1_43' title='bbox 232 900 667 971; x_wconf 71' lang='grc' dir='ltr'><strong>παραδείγματι,</strong></span> <span class='ocrx_word' id='word_1_44' title='bbox 694 897 753 959; x_wconf 80' lang='grc' dir='ltr'>ὃς</span> <span class='ocrx_word' id='word_1_45' title='bbox 796 896 934 965; x_wconf 76' lang='grc' dir='ltr'>μετὰ</span> <span class='ocrx_word' id='word_1_46' title='bbox 969 894 1067 962; x_wconf 78' lang='grc' dir='ltr'>τὴν</span> <span class='ocrx_word' id='word_1_47' title='bbox 1124 892 1354 961; x_wconf 75' lang='grc' dir='ltr'><strong>ἄρνησιν</strong></span> <span class='ocrx_word' id='word_1_48' title='bbox 1403 886 1671 957; x_wconf 78' lang='grc' dir='ltr'>ἐξελθὼν,</span> <span class='ocrx_word' id='word_1_49' title='bbox 1701 884 1808 950; x_wconf 69' lang='grc' dir='ltr'>ἔξω</span> 
     </span>
    </p>
   </div>
   <div class='ocr_carea' id='block_1_10' title="bbox 231 975 1807 1058">
    <p class='ocr_par' dir='ltr' id='par_1_10' title="bbox 231 975 1807 1058">
     <span class='ocr_line' id='line_1_10' title="bbox 231 975 1807 1058; baseline -0.01 -15"><span class='ocrx_word' id='word_1_50' title='bbox 231 991 327 1043; x_wconf 82' lang='grc' dir='ltr'><strong>τοῦ</strong></span> <span class='ocrx_word' id='word_1_51' title='bbox 360 989 653 1058; x_wconf 79' lang='grc' dir='ltr'><strong>πτώματος</strong></span> <span class='ocrx_word' id='word_1_52' title='bbox 679 986 879 1056; x_wconf 79' lang='grc' dir='ltr'>δηλαδὴ</span> <span class='ocrx_word' id='word_1_53' title='bbox 898 983 1128 1036; x_wconf 77' lang='grc' dir='ltr'>ἔκλαυσε</span> <span class='ocrx_word' id='word_1_54' title='bbox 1151 981 1389 1052; x_wconf 84' lang='grc' dir='ltr'><strong>πικρῶς,</strong></span> <span class='ocrx_word' id='word_1_55' title='bbox 1422 979 1516 1031; x_wconf 74' lang='grc' dir='ltr'><strong>καὶ</strong></span> <span class='ocrx_word' id='word_1_56' title='bbox 1538 975 1682 1029; x_wconf 77' lang='grc' dir='ltr'>οὕτω</span> <span class='ocrx_word' id='word_1_57' title='bbox 1707 976 1807 1044; x_wconf 78' lang='grc' dir='ltr'>τὴν</span> 
     </span>
    </p>
   </div>
   <div class='ocr_carea' id='block_1_11' title="bbox 232 1069 1807 1155">
    <p class='ocr_par' dir='ltr' id='par_1_11' title="bbox 232 1069 1807 1155">
     <span class='ocr_line' id='line_1_11' title="bbox 232 1069 1807 1155; baseline -0.009 -20"><span class='ocrx_word' id='word_1_58' title='bbox 232 1080 407 1155; x_wconf 76' lang='grc' dir='ltr'>ἧτταν</span> <span class='ocrx_word' id='word_1_59' title='bbox 435 1081 823 1133; x_wconf 78' lang='grc' dir='ltr'>ἀνεκαλέσατο.</span> <span class='ocrx_word' id='word_1_60' title='bbox 862 1073 1130 1127; x_wconf 80' lang='grc' dir='ltr'><strong>Τοσοῦτον</strong></span> <span class='ocrx_word' id='word_1_61' title='bbox 1188 1073 1365 1141; x_wconf 80' lang='grc' dir='ltr'>ἰσχὺει</span> <span class='ocrx_word' id='word_1_62' title='bbox 1398 1069 1459 1122; x_wconf 75' lang='grc' dir='ltr'><strong>τὸ</strong></span> <span class='ocrx_word' id='word_1_63' title='bbox 1499 1069 1599 1138; x_wconf 78' lang='grc' dir='ltr'>τῆς</span> <span class='ocrx_word' id='word_1_64' title='bbox 1637 1084 1807 1138; x_wconf 72' lang='grc' dir='ltr'>μεταο</span> 
     </span>
    </p>
   </div>
   <div class='ocr_carea' id='block_1_12' title="bbox 232 1159 1808 1239">
    <p class='ocr_par' dir='ltr' id='par_1_12' title="bbox 232 1159 1808 1239">
     <span class='ocr_line' id='line_1_12' title="bbox 232 1159 1808 1239; baseline -0.01 -12"><span class='ocrx_word' id='word_1_65' title='bbox 232 1174 382 1236; x_wconf 85' lang='grc' dir='ltr'>νοίας</span> <span class='ocrx_word' id='word_1_66' title='bbox 413 1172 693 1225; x_wconf 80' lang='grc' dir='ltr'>θεόσδοτον</span> <span class='ocrx_word' id='word_1_67' title='bbox 724 1168 1038 1239; x_wconf 68' lang='grc' dir='ltr'>φάρμακον.</span> <span class='ocrx_word' id='word_1_68' title='bbox 1075 1164 1240 1217; x_wconf 82' lang='grc' dir='ltr'>Ταῦτ’</span> <span class='ocrx_word' id='word_1_69' title='bbox 1268 1159 1363 1215; x_wconf 86' lang='grc' dir='ltr'><strong>οῦν</strong></span> <span class='ocrx_word' id='word_1_70' title='bbox 1412 1162 1635 1227; x_wconf 77' lang='grc' dir='ltr'>εἰδότες,</span> <span class='ocrx_word' id='word_1_71' title='bbox 1672 1163 1808 1227; x_wconf 76' lang='grc' dir='ltr'>ἀγα·</span> 
     </span>
    </p>
   </div>
   <div class='ocr_carea' id='block_1_13' title="bbox 230 1253 1809 1335">
    <p class='ocr_par' dir='ltr' id='par_1_13' title="bbox 230 1253 1809 1335">
     <span class='ocr_line' id='line_1_13' title="bbox 230 1253 1809 1335; baseline -0.008 -18"><span class='ocrx_word' id='word_1_72' title='bbox 230 1266 420 1335; x_wconf 76' lang='grc' dir='ltr'>πητοὶ,</span> <span class='ocrx_word' id='word_1_73' title='bbox 451 1266 553 1333; x_wconf 83' lang='grc' dir='ltr'>τὴν</span> <span class='ocrx_word' id='word_1_74' title='bbox 583 1263 877 1331; x_wconf 85' lang='grc' dir='ltr'>μετάνοιαν</span> <span class='ocrx_word' id='word_1_75' title='bbox 907 1256 1312 1327; x_wconf 82' lang='grc' dir='ltr'>ἀσπασώμεθα,</span> <span class='ocrx_word' id='word_1_76' title='bbox 1345 1254 1689 1326; x_wconf 63' lang='grc' dir='ltr'>ἐλεημοσύνη</span> <span class='ocrx_word' id='word_1_77' title='bbox 1713 1253 1809 1306; x_wconf 76' lang='grc' dir='ltr'><strong>καὶ</strong></span> 
     </span>
    </p>
   </div>
   <div class='ocr_carea' id='block_1_14' title="bbox 231 1345 1808 1427">
    <p class='ocr_par' dir='ltr' id='par_1_14' title="bbox 231 1345 1808 1427">
     <span class='ocr_line' id='line_1_14' title="bbox 231 1345 1808 1427; baseline -0.01 -16"><span class='ocrx_word' id='word_1_78' title='bbox 231 1359 470 1427; x_wconf 65' lang='grc' dir='ltr'>δάκρυσι</span> <span class='ocrx_word' id='word_1_79' title='bbox 492 1356 563 1408; x_wconf 78' lang='grc' dir='ltr'>τὰ</span> <span class='ocrx_word' id='word_1_80' title='bbox 588 1353 907 1423; x_wconf 57' lang='grc' dir='ltr'>ἐσφαλμένα</span> <span class='ocrx_word' id='word_1_81' title='bbox 959 1351 1092 1418; x_wconf 73' lang='grc' dir='ltr'>ἡμῖν</span> <span class='ocrx_word' id='word_1_82' title='bbox 1138 1347 1592 1417; x_wconf 74' lang='grc' dir='ltr'>ἐκκαθαίροντεςο</span> <span class='ocrx_word' id='word_1_83' title='bbox 1660 1345 1808 1398; x_wconf 52' lang='grc' dir='ltr'>ἀδιαι-</span> 
     </span>
    </p>
   </div>
   <div class='ocr_carea' id='block_1_15' title="bbox 231 1436 1810 1514">
    <p class='ocr_par' dir='ltr' id='par_1_15' title="bbox 231 1436 1810 1514">
     <span class='ocr_line' id='line_1_15' title="bbox 231 1436 1810 1514; baseline -0.006 -17"><span class='ocrx_word' id='word_1_84' title='bbox 231 1448 473 1507; x_wconf 80' lang='grc' dir='ltr'>λείπτως</span> <span class='ocrx_word' id='word_1_85' title='bbox 528 1445 816 1514; x_wconf 76' lang='grc' dir='ltr'>εὐχόμενοι</span> <span class='ocrx_word' id='word_1_86' title='bbox 878 1443 936 1493; x_wconf 78' lang='grc' dir='ltr'>ὲν</span> <span class='ocrx_word' id='word_1_87' title='bbox 990 1438 1214 1501; x_wconf 76' lang='grc' dir='ltr'>πολλαῖς</span> <span class='ocrx_word' id='word_1_88' title='bbox 1258 1440 1396 1492; x_wconf 79' lang='grc' dir='ltr'>ἐτῶν</span> <span class='ocrx_word' id='word_1_89' title='bbox 1447 1436 1719 1507; x_wconf 73' lang='grc' dir='ltr'>περιόδοις</span> <span class='ocrx_word' id='word_1_90' title='bbox 1750 1437 1810 1489; x_wconf 82' lang='grc' dir='ltr'><strong>τὸ</strong></span> 
     </span>
    </p>
   </div>
   <div class='ocr_carea' id='block_1_16' title="bbox 230 1531 1807 1608">
    <p class='ocr_par' dir='ltr' id='par_1_16' title="bbox 230 1531 1807 1608">
     <span class='ocr_line' id='line_1_16' title="bbox 230 1531 1807 1608; baseline -0.006 -16"><span class='ocrx_word' id='word_1_91' title='bbox 230 1540 433 1608; x_wconf 75' lang='grc' dir='ltr'>κράτος</span> <span class='ocrx_word' id='word_1_92' title='bbox 450 1534 909 1607; x_wconf 76' lang='grc' dir='ltr'>διαφυλάττεσθαι</span> <span class='ocrx_word' id='word_1_93' title='bbox 931 1533 1023 1586; x_wconf 86' lang='grc' dir='ltr'><strong>τοῦ</strong></span> <span class='ocrx_word' id='word_1_94' title='bbox 1046 1532 1305 1595; x_wconf 81' lang='grc' dir='ltr'>εὐσεϐοῦς</span> <span class='ocrx_word' id='word_1_95' title='bbox 1324 1531 1589 1600; x_wconf 84' lang='grc' dir='ltr'>βασιλέως</span> <span class='ocrx_word' id='word_1_96' title='bbox 1610 1533 1642 1601; x_wconf 80' lang='grc' dir='ltr'>ἡ</span> <span class='ocrx_word' id='word_1_97' title='bbox 1651 1532 1765 1601; x_wconf 83' lang='grc' dir='ltr'><strong>μῶν</strong></span> <span class='ocrx_word' id='word_1_98' title='bbox 1792 1547 1807 1561; x_wconf 68' lang='grc' dir='ltr'><strong>θ</strong></span> 
     </span>
    </p>
   </div>
   <div class='ocr_carea' id='block_1_17' title="bbox 231 1621 1810 1699">
    <p class='ocr_par' dir='ltr' id='par_1_17' title="bbox 231 1621 1810 1699">
     <span class='ocr_line' id='line_1_17' title="bbox 231 1621 1810 1699; baseline -0.007 -16"><span class='ocrx_word' id='word_1_99' title='bbox 231 1632 285 1693; x_wconf 75' lang='lat'><strong>3;</strong></span> <span class='ocrx_word' id='word_1_100' title='bbox 314 1630 577 1699; x_wconf 66' lang='grc' dir='ltr'>εὐσεϐείᾳ</span> <span class='ocrx_word' id='word_1_101' title='bbox 609 1628 736 1691; x_wconf 75' lang='grc' dir='ltr'>τοὺς</span> <span class='ocrx_word' id='word_1_102' title='bbox 758 1628 931 1697; x_wconf 85' lang='grc' dir='ltr'>ἀρχῆς</span> <span class='ocrx_word' id='word_1_103' title='bbox 966 1626 1167 1680; x_wconf 76' lang='grc' dir='ltr'>ἰθύνων</span> <span class='ocrx_word' id='word_1_104' title='bbox 1200 1625 1331 1687; x_wconf 78' lang='grc' dir='ltr'>τοὺς</span> <span class='ocrx_word' id='word_1_105' title='bbox 1361 1622 1579 1688; x_wconf 82' lang='grc' dir='ltr'>οἴακας,</span> <span class='ocrx_word' id='word_1_106' title='bbox 1602 1623 1696 1676; x_wconf 72' lang='grc' dir='ltr'>καὶ</span> <span class='ocrx_word' id='word_1_107' title='bbox 1722 1621 1810 1673; x_wconf 88' lang='grc' dir='ltr'>λό-</span> 
     </span>
    </p>
   </div>
   <div class='ocr_carea' id='block_1_18' title="bbox 231 1712 1812 1789">
    <p class='ocr_par' dir='ltr' id='par_1_18' title="bbox 231 1712 1812 1789">
     <span class='ocr_line' id='line_1_18' title="bbox 231 1712 1812 1789; baseline -0.006 -15"><span class='ocrx_word' id='word_1_108' title='bbox 231 1738 350 1788; x_wconf 82' lang='grc' dir='ltr'>γοις</span> <span class='ocrx_word' id='word_1_109' title='bbox 410 1718 637 1789; x_wconf 84' lang='grc' dir='ltr'>κοσμῶν</span> <span class='ocrx_word' id='word_1_110' title='bbox 715 1719 777 1771; x_wconf 80' lang='grc' dir='ltr'>τὸ</span> <span class='ocrx_word' id='word_1_111' title='bbox 832 1718 1094 1787; x_wconf 77' lang='grc' dir='ltr'>διάδημα,</span> <span class='ocrx_word' id='word_1_112' title='bbox 1154 1718 1251 1768; x_wconf 77' lang='grc' dir='ltr'><strong>καὶ</strong></span> <span class='ocrx_word' id='word_1_113' title='bbox 1319 1714 1652 1786; x_wconf 80' lang='grc' dir='ltr'>χρηστότητι</span> <span class='ocrx_word' id='word_1_114' title='bbox 1686 1712 1812 1782; x_wconf 84' lang='grc' dir='ltr'>τρό-</span> 
     </span>
    </p>
   </div>
   <div class='ocr_carea' id='block_1_19' title="bbox 232 1802 1814 1880">
    <p class='ocr_par' dir='ltr' id='par_1_19' title="bbox 232 1802 1814 1880">
     <span class='ocr_line' id='line_1_19' title="bbox 232 1802 1814 1880; baseline -0.006 -17"><span class='ocrx_word' id='word_1_115' title='bbox 232 1829 354 1863; x_wconf 87' lang='grc' dir='ltr'><strong>πων</strong></span> <span class='ocrx_word' id='word_1_116' title='bbox 386 1811 783 1880; x_wconf 82' lang='grc' dir='ltr'>κοσμούμενος,</span> <span class='ocrx_word' id='word_1_117' title='bbox 813 1808 874 1871; x_wconf 78' lang='grc' dir='ltr'><strong>ἐξ</strong></span> <span class='ocrx_word' id='word_1_118' title='bbox 901 1808 1103 1876; x_wconf 82' lang='grc' dir='ltr'>ἀρετῆς</span> <span class='ocrx_word' id='word_1_119' title='bbox 1139 1807 1361 1875; x_wconf 83' lang='grc' dir='ltr'>γνήσιον</span> <span class='ocrx_word' id='word_1_120' title='bbox 1385 1804 1499 1874; x_wconf 76' lang='grc' dir='ltr'>ἔχει</span> <span class='ocrx_word' id='word_1_121' title='bbox 1525 1805 1617 1856; x_wconf 81' lang='grc' dir='ltr'><strong>τὸν</strong></span> <span class='ocrx_word' id='word_1_122' title='bbox 1652 1802 1814 1855; x_wconf 77' lang='grc' dir='ltr'>ἐπαι-</span> 
     </span>
    </p>
   </div>
   <div class='ocr_carea' id='block_1_20' title="bbox 235 1894 1813 1967">
    <p class='ocr_par' dir='ltr' id='par_1_20' title="bbox 235 1894 1813 1967">
     <span class='ocr_line' id='line_1_20' title="bbox 235 1894 1813 1967; baseline -0.002 -17"><span class='ocrx_word' id='word_1_123' title='bbox 235 1915 341 1952; x_wconf 82' lang='grc' dir='ltr'>νον.</span> <span class='ocrx_word' id='word_1_124' title='bbox 380 1899 572 1967; x_wconf 84' lang='grc' dir='ltr'>Τούτῳ</span> <span class='ocrx_word' id='word_1_125' title='bbox 597 1900 666 1950; x_wconf 72' lang='grc' dir='ltr'>τὰ</span> <span class='ocrx_word' id='word_1_126' title='bbox 725 1897 985 1966; x_wconf 83' lang='grc' dir='ltr'>σκῆπτρα</span> <span class='ocrx_word' id='word_1_127' title='bbox 1014 1895 1338 1966; x_wconf 78' lang='grc' dir='ltr'>διατηρήσοι</span> <span class='ocrx_word' id='word_1_128' title='bbox 1381 1897 1441 1947; x_wconf 81' lang='grc' dir='ltr'>ἐν</span> <span class='ocrx_word' id='word_1_129' title='bbox 1496 1895 1689 1964; x_wconf 73' lang='grc' dir='ltr'>εἰρήνῃ</span> <span class='ocrx_word' id='word_1_130' title='bbox 1718 1894 1813 1947; x_wconf 77' lang='grc' dir='ltr'>καὶ</span> 
     </span>
    </p>
   </div>
   <div class='ocr_carea' id='block_1_21' title="bbox 234 1984 1812 2059">
    <p class='ocr_par' dir='ltr' id='par_1_21' title="bbox 234 1984 1812 2059">
     <span class='ocr_line' id='line_1_21' title="bbox 234 1984 1812 2059; baseline -0.004 -18"><span class='ocrx_word' id='word_1_131' title='bbox 234 1989 589 2059; x_wconf 76' lang='grc' dir='ltr'>γαληνότητι,</span> <span class='ocrx_word' id='word_1_132' title='bbox 624 1989 652 2040; x_wconf 84' lang='grc' dir='ltr'>ὀ</span> <span class='ocrx_word' id='word_1_133' title='bbox 673 1987 797 2050; x_wconf 81' lang='grc' dir='ltr'>δοὺς</span> <span class='ocrx_word' id='word_1_134' title='bbox 828 1985 979 2056; x_wconf 83' lang='grc' dir='ltr'>αὑτῷ</span> <span class='ocrx_word' id='word_1_135' title='bbox 1010 1986 1072 2039; x_wconf 83' lang='grc' dir='ltr'><strong>τὸ</strong></span> <span class='ocrx_word' id='word_1_136' title='bbox 1109 1986 1316 2056; x_wconf 79' lang='grc' dir='ltr'>κράτος</span> <span class='ocrx_word' id='word_1_137' title='bbox 1347 1985 1609 2057; x_wconf 73' lang='grc' dir='ltr'>Χριστὸς.</span> <span class='ocrx_word' id='word_1_138' title='bbox 1640 1986 1669 2035; x_wconf 83' lang='grc' dir='ltr'>ὁ</span> <span class='ocrx_word' id='word_1_139' title='bbox 1716 1984 1812 2036; x_wconf 82' lang='grc' dir='ltr'><strong>σὺν</strong></span> 
     </span>
    </p>
   </div>
   <div class='ocr_carea' id='block_1_22' title="bbox 234 2074 1813 2152">
    <p class='ocr_par' dir='ltr' id='par_1_22' title="bbox 234 2074 1813 2152">
     <span class='ocr_line' id='line_1_22' title="bbox 234 2074 1813 2152; baseline -0.006 -17"><span class='ocrx_word' id='word_1_140' title='bbox 234 2082 436 2152; x_wconf 62' lang='lat' dir='ltr'><strong>Ila-cpi,</strong></span> <span class='ocrx_word' id='word_1_141' title='bbox 477 2082 571 2134; x_wconf 78' lang='grc' dir='ltr'><strong>καὶ</strong></span> <span class='ocrx_word' id='word_1_142' title='bbox 595 2079 876 2150; x_wconf 86' lang='grc' dir='ltr'>Πνεύματι</span> <span class='ocrx_word' id='word_1_143' title='bbox 914 2077 1298 2149; x_wconf 79' lang='grc' dir='ltr'>δοξαζόμενος,</span> <span class='ocrx_word' id='word_1_144' title='bbox 1331 2078 1429 2131; x_wconf 79' lang='grc' dir='ltr'><strong>καὶ</strong></span> <span class='ocrx_word' id='word_1_145' title='bbox 1473 2074 1813 2146; x_wconf 74' lang='grc' dir='ltr'>ὑμνούμενος</span> 
     </span>
    </p>
   </div>
   <div class='ocr_carea' id='block_1_23' title="bbox 233 2168 1807 2237">
    <p class='ocr_par' dir='ltr' id='par_1_23' title="bbox 233 2168 1807 2237">
     <span class='ocr_line' id='line_1_23' title="bbox 233 2168 1807 2237; baseline -0.003 -10"><span class='ocrx_word' id='word_1_146' title='bbox 233 2175 349 2237; x_wconf 81' lang='grc' dir='ltr'>νῦν,</span> <span class='ocrx_word' id='word_1_147' title='bbox 408 2174 508 2227; x_wconf 77' lang='grc' dir='ltr'>καὶ</span> <span class='ocrx_word' id='word_1_148' title='bbox 558 2174 670 2237; x_wconf 77' lang='grc' dir='ltr'>ἀεὶ,</span> <span class='ocrx_word' id='word_1_149' title='bbox 739 2174 836 2228; x_wconf 76' lang='grc' dir='ltr'><strong>καὶ</strong></span> <span class='ocrx_word' id='word_1_150' title='bbox 888 2175 971 2237; x_wconf 86' lang='grc' dir='ltr'><strong>είς</strong></span> <span class='ocrx_word' id='word_1_151' title='bbox 1025 2172 1155 2235; x_wconf 79' lang='grc' dir='ltr'>τοὺς</span> <span class='ocrx_word' id='word_1_152' title='bbox 1211 2171 1421 2233; x_wconf 77' lang='grc' dir='ltr'>αἰῶνας</span> <span class='ocrx_word' id='word_1_153' title='bbox 1441 2169 1551 2223; x_wconf 84' lang='grc' dir='ltr'><strong>τῶν</strong></span> <span class='ocrx_word' id='word_1_154' title='bbox 1577 2168 1807 2222; x_wconf 80' lang='grc' dir='ltr'>αίώνων.</span> 
     </span>
    </p>
   </div>
   <div class='ocr_carea' id='block_1_24' title="bbox 244 2269 445 2337">
    <p class='ocr_par' dir='ltr' id='par_1_24' title="bbox 244 2269 445 2337">
     <span class='ocr_line' id='line_1_24' title="bbox 244 2269 445 2337; baseline 0.01 -18"><span class='ocrx_word' id='word_1_155' title='bbox 244 2270 299 2319; x_wconf 77' lang='grc' dir='ltr'><strong>Ἀ</strong></span> <span class='ocrx_word' id='word_1_156' title='bbox 312 2269 445 2337; x_wconf 78' lang='grc' dir='ltr'>μὴν.</span> 
     </span>
    </p>
   </div>
   <div class='ocr_carea' id='block_1_25' title="bbox 802 2372 1216 2443">
    <p class='ocr_par' dir='ltr' id='par_1_25' title="bbox 802 2372 1216 2443">
     <span class='ocr_line' id='line_1_25' title="bbox 802 2372 1216 2443; baseline -0.002 -13"><span class='ocrx_word' id='word_1_157' title='bbox 802 2376 1049 2430; x_wconf 76' lang='lat' dir='ltr'><strong>OMlAlA</strong></span> <span class='ocrx_word' id='word_1_158' title='bbox 1074 2372 1216 2443; x_wconf 70' lang='lat' dir='ltr'><strong>Nq&#39;.</strong></span> 
     </span>
    </p>
   </div>
   <div class='ocr_carea' id='block_1_26' title="bbox 240 2467 1816 2546">
    <p class='ocr_par' dir='ltr' id='par_1_26' title="bbox 240 2467 1816 2546">
     <span class='ocr_line' id='line_1_26' title="bbox 240 2467 1816 2546; baseline -0.006 -19"><span class='ocrx_word' id='word_1_159' title='bbox 240 2474 501 2541; x_wconf 74' lang='grc' dir='ltr'><strong>Ἐλέχοη</strong></span> <span class='ocrx_word' id='word_1_160' title='bbox 529 2470 685 2537; x_wconf 76' lang='grc' dir='ltr'><strong>ἐντῇ</strong></span> <span class='ocrx_word' id='word_1_161' title='bbox 698 2469 883 2546; x_wconf 52' lang='grc' dir='ltr'>ἑορτῇ</span> <span class='ocrx_word' id='word_1_162' title='bbox 912 2470 1015 2546; x_wconf 74' lang='grc' dir='ltr'><strong>τοῦ</strong></span> <span class='ocrx_word' id='word_1_163' title='bbox 1042 2470 1214 2546; x_wconf 64' lang='grc' dir='ltr'>ᾴγζου</span> <span class='ocrx_word' id='word_1_164' title='bbox 1235 2468 1596 2546; x_wconf 66' lang='grc' dir='ltr'>Προκςπίου.</span> <span class='ocrx_word' id='word_1_165' title='bbox 1629 2467 1816 2532; x_wconf 80' lang='grc' dir='ltr'>-Είς</span> 
     </span>
    </p>
   </div>
   <div class='ocr_carea' id='block_1_27' title="bbox 497 2539 1538 2607">
    <p class='ocr_par' dir='ltr' id='par_1_27' title="bbox 497 2539 1538 2607">
     <span class='ocr_line' id='line_1_27' title="bbox 497 2539 1538 2607; baseline -0.007 -13"><span class='ocrx_word' id='word_1_166' title='bbox 497 2546 565 2594; x_wconf 85' lang='grc' dir='ltr'><strong>τό</strong></span> <span class='ocrx_word' id='word_1_167' title='bbox 591 2558 603 2570; x_wconf 93' lang='grc'><strong>·</strong></span> <span class='ocrx_word' id='word_1_168' title='bbox 642 2561 659 2593; x_wconf 82' lang='grc' dir='ltr'><strong>ι</strong></span> <span class='ocrx_word' id='word_1_169' title='bbox 696 2540 889 2595; x_wconf 83' lang='grc' dir='ltr'>Ταῦτα</span> <span class='ocrx_word' id='word_1_170' title='bbox 924 2539 1283 2607; x_wconf 70' lang='grc' dir='ltr'>ἐντέλλομαι</span> <span class='ocrx_word' id='word_1_171' title='bbox 1321 2539 1483 2606; x_wconf 82' lang='grc' dir='ltr'>ὑμῖν.</span> <span class='ocrx_word' id='word_1_172' title='bbox 1520 2552 1538 2587; x_wconf 77' lang='grc' dir='ltr'><strong>ι</strong></span> 
     </span>
    </p>
   </div>
   <div class='ocr_carea' id='block_1_28' title="bbox 306 2629 1817 2705">
    <p class='ocr_par' dir='ltr' id='par_1_28' title="bbox 306 2629 1817 2705">
     <span class='ocr_line' id='line_1_28' title="bbox 306 2629 1817 2705; baseline -0.005 -17"><span class='ocrx_word' id='word_1_173' title='bbox 306 2635 422 2688; x_wconf 77' lang='grc' dir='ltr'><strong>Καὶ</strong></span> <span class='ocrx_word' id='word_1_174' title='bbox 444 2633 750 2705; x_wconf 82' lang='grc' dir='ltr'>κιθαρῳδὸς</span> <span class='ocrx_word' id='word_1_175' title='bbox 780 2631 923 2701; x_wconf 82' lang='grc' dir='ltr'>ἀνὴρ</span> <span class='ocrx_word' id='word_1_176' title='bbox 956 2631 1217 2691; x_wconf 79' lang='grc' dir='ltr'>πολλάκις</span> <span class='ocrx_word' id='word_1_177' title='bbox 1246 2631 1346 2692; x_wconf 76' lang='grc' dir='ltr'>τὰς</span> <span class='ocrx_word' id='word_1_178' title='bbox 1377 2629 1580 2697; x_wconf 77' lang='grc' dir='ltr'>ἀγυιὰς</span> <span class='ocrx_word' id='word_1_179' title='bbox 1602 2630 1817 2701; x_wconf 80' lang='grc' dir='ltr'>διερχό-</span> 
     </span>
    </p>
   </div>
   <div class='ocr_carea' id='block_1_29' title="bbox 235 2722 1814 2797">
    <p class='ocr_par' dir='ltr' id='par_1_29' title="bbox 235 2722 1814 2797">
     <span class='ocr_line' id='line_1_29' title="bbox 235 2722 1814 2797; baseline -0.002 -18"><span class='ocrx_word' id='word_1_180' title='bbox 235 2744 421 2795; x_wconf 79' lang='grc' dir='ltr'>μενος,</span> <span class='ocrx_word' id='word_1_181' title='bbox 459 2728 557 2779; x_wconf 76' lang='grc' dir='ltr'>καὶ</span> <span class='ocrx_word' id='word_1_182' title='bbox 599 2725 871 2797; x_wconf 83' lang='grc' dir='ltr'>ὀμηγύρει</span> <span class='ocrx_word' id='word_1_183' title='bbox 928 2722 1178 2785; x_wconf 83' lang='grc' dir='ltr'>νεολαίας</span> <span class='ocrx_word' id='word_1_184' title='bbox 1227 2722 1464 2793; x_wconf 80' lang='grc' dir='ltr'>ἐντυχὼν</span> <span class='ocrx_word' id='word_1_185' title='bbox 1498 2724 1641 2776; x_wconf 87' lang='grc' dir='ltr'>κατά</span> <span class='ocrx_word' id='word_1_186' title='bbox 1675 2725 1814 2793; x_wconf 84' lang='grc' dir='ltr'>πάρ-</span> 
     </span>
    </p>
   </div>
   <div class='ocr_carea' id='block_1_30' title="bbox 228 2816 1816 2889">
    <p class='ocr_par' dir='ltr' id='par_1_30' title="bbox 228 2816 1816 2889">
     <span class='ocr_line' id='line_1_30' title="bbox 228 2816 1816 2889; baseline -0.003 -17"><span class='ocrx_word' id='word_1_187' title='bbox 228 2820 375 2883; x_wconf 73' lang='grc' dir='ltr'>οδον,</span> <span class='ocrx_word' id='word_1_188' title='bbox 401 2819 504 2882; x_wconf 73' lang='grc' dir='ltr'>τὰς</span> <span class='ocrx_word' id='word_1_189' title='bbox 552 2818 750 2889; x_wconf 78' lang='grc' dir='ltr'>χορδὰς</span> <span class='ocrx_word' id='word_1_190' title='bbox 778 2818 943 2879; x_wconf 80' lang='grc' dir='ltr'>εὐθὺς</span> <span class='ocrx_word' id='word_1_191' title='bbox 992 2816 1276 2883; x_wconf 74' lang='grc' dir='ltr'>ἐπιτείνει,</span> <span class='ocrx_word' id='word_1_192' title='bbox 1314 2816 1500 2869; x_wconf 77' lang='grc' dir='ltr'>καὶτὸ</span> <span class='ocrx_word' id='word_1_193' title='bbox 1537 2816 1816 2887; x_wconf 81' lang='grc' dir='ltr'>πλῆκτρον</span> 
     </span>
    </p>
   </div>
   <div class='ocr_carea' id='block_1_31' title="bbox 231 2904 1818 2979">
    <p class='ocr_par' dir='ltr' id='par_1_31' title="bbox 231 2904 1818 2979">
     <span class='ocr_line' id='line_1_31' title="bbox 231 2904 1818 2979; baseline -0.003 -17"><span class='ocrx_word' id='word_1_194' title='bbox 231 2912 476 2974; x_wconf 73' lang='grc' dir='ltr'>ἐπιθεὶς,</span> <span class='ocrx_word' id='word_1_195' title='bbox 510 2911 670 2979; x_wconf 81' lang='grc' dir='ltr'>μέλος</span> <span class='ocrx_word' id='word_1_196' title='bbox 697 2908 1066 2962; x_wconf 81' lang='grc' dir='ltr'>ἀναϐάλλεται</span> <span class='ocrx_word' id='word_1_197' title='bbox 1098 2906 1376 2961; x_wconf 80' lang='grc' dir='ltr'>σύντονον.</span> <span class='ocrx_word' id='word_1_198' title='bbox 1422 2906 1577 2959; x_wconf 75' lang='grc' dir='ltr'>Ἐπεὶ</span> <span class='ocrx_word' id='word_1_199' title='bbox 1604 2904 1698 2959; x_wconf 80' lang='grc' dir='ltr'><strong>οὖν</strong></span> <span class='ocrx_word' id='word_1_200' title='bbox 1723 2906 1818 2959; x_wconf 72' lang='grc' dir='ltr'>καὶ</span> 
     </span>
    </p>
   </div>
   <div class='ocr_carea' id='block_1_32' title="bbox 231 2998 1820 3072">
    <p class='ocr_par' dir='ltr' id='par_1_32' title="bbox 231 2998 1820 3072">
     <span class='ocr_line' id='line_1_32' title="bbox 231 2998 1820 3072; baseline -0.002 -18"><span class='ocrx_word' id='word_1_201' title='bbox 231 3004 397 3072; x_wconf 76' lang='grc' dir='ltr'>ἡμεῖς</span> <span class='ocrx_word' id='word_1_202' title='bbox 435 3002 517 3064; x_wconf 80' lang='grc' dir='ltr'><strong>είς</strong></span> <span class='ocrx_word' id='word_1_203' title='bbox 550 3001 649 3069; x_wconf 84' lang='grc' dir='ltr'><strong>τὴν</strong></span> <span class='ocrx_word' id='word_1_204' title='bbox 725 3001 877 3069; x_wconf 77' lang='grc' dir='ltr'>ἱερὰν</span> <span class='ocrx_word' id='word_1_205' title='bbox 947 2999 1152 3069; x_wconf 83' lang='grc' dir='ltr'>ταύτην</span> <span class='ocrx_word' id='word_1_206' title='bbox 1200 2998 1513 3068; x_wconf 85' lang='grc' dir='ltr'>πανήγυριν</span> <span class='ocrx_word' id='word_1_207' title='bbox 1568 2998 1633 3049; x_wconf 77' lang='grc' dir='ltr'>ὲκ</span> <span class='ocrx_word' id='word_1_208' title='bbox 1681 3015 1820 3069; x_wconf 85' lang='grc' dir='ltr'>παρ-</span> 
     </span>
    </p>
   </div>
   <div class='ocr_carea' id='block_1_33' title="bbox 234 3095 1816 3168">
    <p class='ocr_par' dir='ltr' id='par_1_33' title="bbox 234 3095 1816 3168">
     <span class='ocr_line' id='line_1_33' title="bbox 234 3095 1816 3168; baseline -0.003 -18"><span class='ocrx_word' id='word_1_209' title='bbox 234 3098 358 3150; x_wconf 76' lang='grc' dir='ltr'>όδου</span> <span class='ocrx_word' id='word_1_210' title='bbox 415 3096 779 3167; x_wconf 81' lang='grc' dir='ltr'>συνήλθομεν,</span> <span class='ocrx_word' id='word_1_211' title='bbox 843 3099 907 3166; x_wconf 80' lang='grc' dir='ltr'>τῇ</span> <span class='ocrx_word' id='word_1_212' title='bbox 943 3098 1043 3167; x_wconf 78' lang='grc' dir='ltr'><strong>τῆς</strong></span> <span class='ocrx_word' id='word_1_213' title='bbox 1099 3096 1295 3165; x_wconf 79' lang='grc' dir='ltr'>ἑορτῆς</span> <span class='ocrx_word' id='word_1_214' title='bbox 1342 3095 1694 3165; x_wconf 83' lang='grc' dir='ltr'>λαμπρότητι</span> <span class='ocrx_word' id='word_1_215' title='bbox 1717 3096 1816 3168; x_wconf 76' lang='grc' dir='ltr'>τὴν</span> 
     </span>
    </p>
   </div>
   <div class='ocr_carea' id='block_1_34' title="bbox 1910 602 3479 673">
    <p class='ocr_par' dir='ltr' id='par_1_34' title="bbox 1910 602 3479 673">
     <span class='ocr_line' id='line_1_34' title="bbox 1910 602 3479 673; baseline -0.001 -15"><span class='ocrx_word' id='word_1_216' title='bbox 1910 604 2188 673; x_wconf 81' lang='lat' dir='ltr'><strong>contingat</strong></span> <span class='ocrx_word' id='word_1_217' title='bbox 2229 602 2332 657; x_wconf 91' lang='lat' dir='ltr'><strong>hoc</strong></span> <span class='ocrx_word' id='word_1_218' title='bbox 2381 603 2690 670; x_wconf 82' lang='lat' dir='ltr'><strong>aliquando,</strong></span> <span class='ocrx_word' id='word_1_219' title='bbox 2721 611 2780 656; x_wconf 89' lang='lat' dir='ltr'><strong>ut</strong></span> <span class='ocrx_word' id='word_1_220' title='bbox 2810 604 2965 672; x_wconf 87' lang='lat' dir='ltr'><strong>hujus</strong></span> <span class='ocrx_word' id='word_1_221' title='bbox 3018 602 3162 672; x_wconf 80' lang='lat' dir='ltr'><strong>ignis</strong></span> <span class='ocrx_word' id='word_1_222' title='bbox 3210 602 3479 671; x_wconf 72' lang='lat' dir='ltr'><strong>particeps</strong></span> 
     </span>
    </p>
   </div>
   <div class='ocr_carea' id='block_1_35' title="bbox 1913 695 3484 764">
    <p class='ocr_par' dir='ltr' id='par_1_35' title="bbox 1913 695 3484 764">
     <span class='ocr_line' id='line_1_35' title="bbox 1913 695 3484 764; baseline -0.003 -13"><span class='ocrx_word' id='word_1_223' title='bbox 1913 697 2025 763; x_wconf 79' lang='lat' dir='ltr'><strong>fiat,</strong></span> <span class='ocrx_word' id='word_1_224' title='bbox 2059 707 2116 751; x_wconf 90' lang='lat' dir='ltr'><strong>et</strong></span> <span class='ocrx_word' id='word_1_225' title='bbox 2151 710 2451 750; x_wconf 74' lang='lat' dir='ltr'><strong>consensus</strong></span> <span class='ocrx_word' id='word_1_226' title='bbox 2483 696 2627 749; x_wconf 86' lang='lat' dir='ltr'><strong>fumo</strong></span> <span class='ocrx_word' id='word_1_227' title='bbox 2657 695 2996 761; x_wconf 83' lang='lat' dir='ltr'><strong>involvatnr,</strong></span> <span class='ocrx_word' id='word_1_228' title='bbox 3050 695 3176 750; x_wconf 91' lang='lat' dir='ltr'><strong>inde</strong></span> <span class='ocrx_word' id='word_1_229' title='bbox 3216 710 3377 764; x_wconf 90' lang='lat' dir='ltr'><strong>quam</strong></span> <span class='ocrx_word' id='word_1_230' title='bbox 3405 696 3484 749; x_wconf 82' lang='lat' dir='ltr'><strong>ci-</strong></span> 
     </span>
    </p>
   </div>
   <div class='ocr_carea' id='block_1_36' title="bbox 1911 784 3481 853">
    <p class='ocr_par' dir='ltr' id='par_1_36' title="bbox 1911 784 3481 853">
     <span class='ocr_line' id='line_1_36' title="bbox 1911 784 3481 853; baseline -0.001 -13"><span class='ocrx_word' id='word_1_231' title='bbox 1911 788 2122 843; x_wconf 87' lang='lat' dir='ltr'><strong>tissime</strong></span> <span class='ocrx_word' id='word_1_232' title='bbox 2168 787 2416 849; x_wconf 79' lang='lat' dir='ltr'><strong>exsilire,</strong></span> <span class='ocrx_word' id='word_1_233' title='bbox 2473 794 2529 839; x_wconf 85' lang='lat' dir='ltr'><strong>et</strong></span> <span class='ocrx_word' id='word_1_234' title='bbox 2578 787 2717 840; x_wconf 84' lang='lat' dir='ltr'><strong>l‘etri</strong></span> <span class='ocrx_word' id='word_1_235' title='bbox 2774 785 3023 853; x_wconf 73' lang='lat' dir='ltr'><strong>exemplo</strong></span> <span class='ocrx_word' id='word_1_236' title='bbox 3054 786 3122 840; x_wconf 88' lang='lat' dir='ltr'><strong>ab</strong></span> <span class='ocrx_word' id='word_1_237' title='bbox 3173 785 3261 840; x_wconf 90' lang='lat' dir='ltr'><strong>illa</strong></span> <span class='ocrx_word' id='word_1_238' title='bbox 3295 784 3481 839; x_wconf 86' lang='lat' dir='ltr'><strong>statim</strong></span> 
     </span>
    </p>
   </div>
   <div class='ocr_carea' id='block_1_37' title="bbox 1914 876 3482 948">
    <p class='ocr_par' dir='ltr' id='par_1_37' title="bbox 1914 876 3482 948">
     <span class='ocr_line' id='line_1_37' title="bbox 1914 876 3482 948; baseline -0.001 -17"><span class='ocrx_word' id='word_1_239' title='bbox 1914 880 2065 931; x_wconf 89' lang='lat' dir='ltr'><strong>ruina</strong></span> <span class='ocrx_word' id='word_1_240' title='bbox 2110 881 2384 945; x_wconf 87' lang='lat' dir='ltr'><strong>revocari,</strong></span> <span class='ocrx_word' id='word_1_241' title='bbox 2422 878 2514 948; x_wconf 89' lang='lat' dir='ltr'><strong>qui</strong></span> <span class='ocrx_word' id='word_1_242' title='bbox 2554 889 2836 947; x_wconf 77' lang='lat' dir='ltr'><strong>postquam</strong></span> <span class='ocrx_word' id='word_1_243' title='bbox 2889 876 3159 946; x_wconf 83' lang='lat' dir='ltr'><strong>peccavit,</strong></span> <span class='ocrx_word' id='word_1_244' title='bbox 3191 877 3378 943; x_wconf 79' lang='lat' dir='ltr'><strong>exivit,</strong></span> <span class='ocrx_word' id='word_1_245' title='bbox 3411 877 3482 931; x_wconf 89' lang='lat' dir='ltr'><strong>ab</strong></span> 
     </span>
    </p>
   </div>
   <div class='ocr_carea' id='block_1_38' title="bbox 1912 970 3479 1041">
    <p class='ocr_par' dir='ltr' id='par_1_38' title="bbox 1912 970 3479 1041">
     <span class='ocr_line' id='line_1_38' title="bbox 1912 970 3479 1041; baseline -0.001 -18"><span class='ocrx_word' id='word_1_246' title='bbox 1912 970 2003 1023; x_wconf 92' lang='lat' dir='ltr'><strong>illo</strong></span> <span class='ocrx_word' id='word_1_247' title='bbox 2051 971 2259 1027; x_wconf 87' lang='lat' dir='ltr'><strong>scilicet</strong></span> <span class='ocrx_word' id='word_1_248' title='bbox 2305 972 2455 1041; x_wconf 89' lang='lat' dir='ltr'><strong>lapsu</strong></span> <span class='ocrx_word' id='word_1_249' title='bbox 2493 972 2735 1034; x_wconf 85' lang='lat' dir='ltr'><strong>recessit,</strong></span> <span class='ocrx_word' id='word_1_250' title='bbox 2777 981 2852 1033; x_wconf 86' lang='lat' dir='ltr'><strong>et,</strong></span> <span class='ocrx_word' id='word_1_251' title='bbox 2892 990 2911 1023; x_wconf 84' lang='grc' dir='ltr'><strong>ι</strong></span> <span class='ocrx_word' id='word_1_252' title='bbox 2954 971 3099 1025; x_wconf 84' lang='lat' dir='ltr'><strong>ﬂevit</strong></span> <span class='ocrx_word' id='word_1_253' title='bbox 3125 983 3309 1025; x_wconf 84' lang='lat' dir='ltr'><strong>amare</strong></span> <span class='ocrx_word' id='word_1_254' title='bbox 3353 970 3420 1034; x_wconf 81' lang='lat'><strong>”,</strong></span> <span class='ocrx_word' id='word_1_255' title='bbox 3459 988 3479 1021; x_wconf 76' lang='grc' dir='ltr'><strong>ι</strong></span> 
     </span>
    </p>
   </div>
   <div class='ocr_carea' id='block_1_39' title="bbox 1914 1061 3485 1133">
    <p class='ocr_par' dir='ltr' id='par_1_39' title="bbox 1914 1061 3485 1133">
     <span class='ocr_line' id='line_1_39' title="bbox 1914 1061 3485 1133; baseline 0.001 -19"><span class='ocrx_word' id='word_1_256' title='bbox 1914 1062 2278 1133; x_wconf 80' lang='lat' dir='ltr'><strong>damnumque</strong></span> <span class='ocrx_word' id='word_1_257' title='bbox 2311 1066 2380 1119; x_wconf 85' lang='lat' dir='ltr'><strong>ita</strong></span> <span class='ocrx_word' id='word_1_258' title='bbox 2416 1064 2809 1131; x_wconf 84' lang='lat' dir='ltr'><strong>compensavit.</strong></span> <span class='ocrx_word' id='word_1_259' title='bbox 2858 1061 3087 1117; x_wconf 89' lang='lat' dir='ltr'><strong>Tantum</strong></span> <span class='ocrx_word' id='word_1_260' title='bbox 3124 1062 3266 1117; x_wconf 88' lang='lat' dir='ltr'><strong>valet</strong></span> <span class='ocrx_word' id='word_1_261' title='bbox 3304 1061 3485 1130; x_wconf 72' lang='lat' dir='ltr'><strong>proni—</strong></span> 
     </span>
    </p>
   </div>
   <div class='ocr_carea' id='block_1_40' title="bbox 1914 1154 3489 1224">
    <p class='ocr_par' dir='ltr' id='par_1_40' title="bbox 1914 1154 3489 1224">
     <span class='ocr_line' id='line_1_40' title="bbox 1914 1154 3489 1224; baseline 0.002 -18"><span class='ocrx_word' id='word_1_262' title='bbox 1914 1156 2096 1209; x_wconf 71' lang='lat' dir='ltr'><strong>tentiae</strong></span> <span class='ocrx_word' id='word_1_263' title='bbox 2122 1157 2420 1210; x_wconf 87' lang='lat' dir='ltr'><strong>remedium</strong></span> <span class='ocrx_word' id='word_1_264' title='bbox 2468 1157 2561 1212; x_wconf 84' lang='lat' dir='ltr'><strong>Dei</strong></span> <span class='ocrx_word' id='word_1_265' title='bbox 2610 1156 2874 1211; x_wconf 78' lang='lat' dir='ltr'><strong>beneficio</strong></span> <span class='ocrx_word' id='word_1_266' title='bbox 2905 1154 3113 1210; x_wconf 89' lang='lat' dir='ltr'><strong>datum.</strong></span> <span class='ocrx_word' id='word_1_267' title='bbox 3146 1154 3273 1211; x_wconf 77' lang='lat' dir='ltr'><strong>llzec</strong></span> <span class='ocrx_word' id='word_1_268' title='bbox 3323 1154 3489 1224; x_wconf 78' lang='lat' dir='ltr'><strong>igitur</strong></span> 
     </span>
    </p>
   </div>
   <div class='ocr_carea' id='block_1_41' title="bbox 1913 1247 3488 1318">
    <p class='ocr_par' dir='ltr' id='par_1_41' title="bbox 1913 1247 3488 1318">
     <span class='ocr_line' id='line_1_41' title="bbox 1913 1247 3488 1318; baseline -0.002 -16"><span class='ocrx_word' id='word_1_269' title='bbox 1913 1248 2171 1314; x_wconf 76' lang='lat' dir='ltr'><strong>scientes,</strong></span> <span class='ocrx_word' id='word_1_270' title='bbox 2204 1247 2370 1317; x_wconf 78' lang='lat'><strong>3&#39;78</strong></span> <span class='ocrx_word' id='word_1_271' title='bbox 2398 1247 2761 1313; x_wconf 83' lang='lat' dir='ltr'><strong>dilectissimi,</strong></span> <span class='ocrx_word' id='word_1_272' title='bbox 2788 1249 3161 1318; x_wconf 76' lang='lat' dir='ltr'><strong>paenitentiam</strong></span> <span class='ocrx_word' id='word_1_273' title='bbox 3193 1247 3488 1315; x_wconf 87' lang='lat' dir='ltr'><strong>amplecta-</strong></span> 
     </span>
    </p>
   </div>
   <div class='ocr_carea' id='block_1_42' title="bbox 1916 1338 3491 1410">
    <p class='ocr_par' dir='ltr' id='par_1_42' title="bbox 1916 1338 3491 1410">
     <span class='ocr_line' id='line_1_42' title="bbox 1916 1338 3491 1410; baseline 0.001 -18"><span class='ocrx_word' id='word_1_274' title='bbox 1916 1355 2057 1403; x_wconf 85' lang='lat' dir='ltr'><strong>mur,</strong></span> <span class='ocrx_word' id='word_1_275' title='bbox 2112 1338 2495 1408; x_wconf 86' lang='lat' dir='ltr'><strong>elecmosyma,</strong></span> <span class='ocrx_word' id='word_1_276' title='bbox 2536 1349 2584 1394; x_wconf 89' lang='lat' dir='ltr'><strong>et</strong></span> <span class='ocrx_word' id='word_1_277' title='bbox 2634 1340 2890 1410; x_wconf 83' lang='lat' dir='ltr'><strong>l‘acrymis</strong></span> <span class='ocrx_word' id='word_1_278' title='bbox 2922 1347 3147 1409; x_wconf 91' lang='lat' dir='ltr'><strong>peccata</strong></span> <span class='ocrx_word' id='word_1_279' title='bbox 3176 1345 3363 1392; x_wconf 88' lang='lat' dir='ltr'><strong>nostra</strong></span> <span class='ocrx_word' id='word_1_280' title='bbox 3391 1354 3491 1393; x_wconf 83' lang='lat' dir='ltr'><strong>ex-</strong></span> 
     </span>
    </p>
   </div>
   <div class='ocr_carea' id='block_1_43' title="bbox 1914 1429 3492 1501">
    <p class='ocr_par' dir='ltr' id='par_1_43' title="bbox 1914 1429 3492 1501">
     <span class='ocr_line' id='line_1_43' title="bbox 1914 1429 3492 1501; baseline 0 -18"><span class='ocrx_word' id='word_1_281' title='bbox 1914 1430 2142 1499; x_wconf 85' lang='lat' dir='ltr'><strong>piemtts;</strong></span> <span class='ocrx_word' id='word_1_282' title='bbox 2162 1444 2259 1485; x_wconf 89' lang='lat' dir='ltr'><strong>nec</strong></span> <span class='ocrx_word' id='word_1_283' title='bbox 2276 1444 2515 1500; x_wconf 81' lang='lat' dir='ltr'><strong>unquam</strong></span> <span class='ocrx_word' id='word_1_284' title='bbox 2532 1432 2855 1486; x_wconf 87' lang='lat' dir='ltr'><strong>desistamus</strong></span> <span class='ocrx_word' id='word_1_285' title='bbox 2872 1431 2999 1485; x_wconf 92' lang='lat' dir='ltr'><strong>illud</strong></span> <span class='ocrx_word' id='word_1_286' title='bbox 3012 1446 3043 1486; x_wconf 88' lang='lat' dir='ltr'><strong>a</strong></span> <span class='ocrx_word' id='word_1_287' title='bbox 3060 1430 3172 1485; x_wconf 92' lang='lat' dir='ltr'><strong>Deo</strong></span> <span class='ocrx_word' id='word_1_288' title='bbox 3188 1429 3492 1501; x_wconf 83' lang='lat' dir='ltr'><strong>precari,ut</strong></span> 
     </span>
    </p>
   </div>
   <div class='ocr_carea' id='block_1_44' title="bbox 1915 1521 3493 1591">
    <p class='ocr_par' dir='ltr' id='par_1_44' title="bbox 1915 1521 3493 1591">
     <span class='ocr_line' id='line_1_44' title="bbox 1915 1521 3493 1591; baseline -0.001 -15"><span class='ocrx_word' id='word_1_289' title='bbox 1915 1533 2016 1591; x_wconf 90' lang='lat' dir='ltr'><strong>per</strong></span> <span class='ocrx_word' id='word_1_290' title='bbox 2036 1522 2236 1578; x_wconf 91' lang='lat' dir='ltr'><strong>multos</strong></span> <span class='ocrx_word' id='word_1_291' title='bbox 2255 1536 2521 1577; x_wconf 88' lang='lat' dir='ltr'><strong>annorum</strong></span> <span class='ocrx_word' id='word_1_292' title='bbox 2554 1522 2821 1577; x_wconf 89' lang='lat' dir='ltr'><strong>circuitus</strong></span> <span class='ocrx_word' id='word_1_293' title='bbox 2860 1523 2948 1591; x_wconf 89' lang='lat' dir='ltr'><strong>pio</strong></span> <span class='ocrx_word' id='word_1_294' title='bbox 2971 1521 3283 1591; x_wconf 85' lang='lat' dir='ltr'><strong>imperatori</strong></span> <span class='ocrx_word' id='word_1_295' title='bbox 3305 1530 3493 1575; x_wconf 90' lang='lat' dir='ltr'><strong>nostro</strong></span> 
     </span>
    </p>
   </div>
   <div class='ocr_carea' id='block_1_45' title="bbox 1914 1612 3493 1684">
    <p class='ocr_par' dir='ltr' id='par_1_45' title="bbox 1914 1612 3493 1684">
     <span class='ocr_line' id='line_1_45' title="bbox 1914 1612 3493 1684; baseline 0 -19"><span class='ocrx_word' id='word_1_296' title='bbox 1914 1624 2199 1668; x_wconf 77' lang='lat' dir='ltr'><strong>conservet</strong></span> <span class='ocrx_word' id='word_1_297' title='bbox 2223 1613 2539 1683; x_wconf 86' lang='lat' dir='ltr'><strong>petentiam,</strong></span> <span class='ocrx_word' id='word_1_298' title='bbox 2574 1614 2664 1684; x_wconf 92' lang='lat' dir='ltr'><strong>qui</strong></span> <span class='ocrx_word' id='word_1_299' title='bbox 2702 1613 2829 1667; x_wconf 88' lang='lat' dir='ltr'><strong>dum</strong></span> <span class='ocrx_word' id='word_1_300' title='bbox 2862 1627 2958 1681; x_wconf 86' lang='lat' dir='ltr'><strong>per</strong></span> <span class='ocrx_word' id='word_1_301' title='bbox 2986 1614 3237 1682; x_wconf 86' lang='lat' dir='ltr'><strong>pietatem</strong></span> <span class='ocrx_word' id='word_1_302' title='bbox 3280 1612 3493 1667; x_wconf 85' lang='lat' dir='ltr'><strong>clavum</strong></span> 
     </span>
    </p>
   </div>
   <div class='ocr_carea' id='block_1_46' title="bbox 1915 1705 3495 1776">
    <p class='ocr_par' dir='ltr' id='par_1_46' title="bbox 1915 1705 3495 1776">
     <span class='ocr_line' id='line_1_46' title="bbox 1915 1705 3495 1776; baseline -0.001 -17"><span class='ocrx_word' id='word_1_303' title='bbox 1915 1706 2127 1775; x_wconf 88' lang='lat' dir='ltr'><strong>imperii</strong></span> <span class='ocrx_word' id='word_1_304' title='bbox 2146 1706 2350 1776; x_wconf 81' lang='lat' dir='ltr'><strong>dirigit,</strong></span> <span class='ocrx_word' id='word_1_305' title='bbox 2388 1716 2445 1760; x_wconf 91' lang='lat' dir='ltr'><strong>et</strong></span> <span class='ocrx_word' id='word_1_306' title='bbox 2476 1722 2602 1761; x_wconf 89' lang='lat' dir='ltr'><strong>cum</strong></span> <span class='ocrx_word' id='word_1_307' title='bbox 2622 1722 2831 1761; x_wconf 90' lang='lat' dir='ltr'><strong>morum</strong></span> <span class='ocrx_word' id='word_1_308' title='bbox 2850 1705 3113 1776; x_wconf 83' lang='lat' dir='ltr'><strong>probitate</strong></span> <span class='ocrx_word' id='word_1_309' title='bbox 3131 1714 3356 1760; x_wconf 89' lang='lat' dir='ltr'><strong>ornatus</strong></span> <span class='ocrx_word' id='word_1_310' title='bbox 3379 1706 3495 1773; x_wconf 88' lang='lat' dir='ltr'><strong>ipse</strong></span> 
     </span>
    </p>
   </div>
   <div class='ocr_carea' id='block_1_47' title="bbox 1915 1795 3493 1871">
    <p class='ocr_par' dir='ltr' id='par_1_47' title="bbox 1915 1795 3493 1871">
     <span class='ocr_line' id='line_1_47' title="bbox 1915 1795 3493 1871; baseline -0.004 -20"><span class='ocrx_word' id='word_1_311' title='bbox 1915 1798 2006 1859; x_wconf 88' lang='lat' dir='ltr'><strong>sit,</strong></span> <span class='ocrx_word' id='word_1_312' title='bbox 2032 1806 2146 1850; x_wconf 79' lang='lat' dir='ltr'><strong>tum</strong></span> <span class='ocrx_word' id='word_1_313' title='bbox 2164 1796 2329 1851; x_wconf 89' lang='lat' dir='ltr'><strong>etiam</strong></span> <span class='ocrx_word' id='word_1_314' title='bbox 2350 1796 2599 1851; x_wconf 86' lang='lat' dir='ltr'><strong>diadema</strong></span> <span class='ocrx_word' id='word_1_315' title='bbox 2620 1796 2881 1851; x_wconf 88' lang='lat' dir='ltr'><strong>doctrinis</strong></span> <span class='ocrx_word' id='word_1_316' title='bbox 2906 1795 3020 1868; x_wconf 82' lang='lat'><strong>(8|)</strong></span> <span class='ocrx_word' id='word_1_317' title='bbox 3042 1804 3290 1862; x_wconf 80' lang='lat' dir='ltr'><strong>exornet,</strong></span> <span class='ocrx_word' id='word_1_318' title='bbox 3310 1810 3493 1871; x_wconf 84' lang='lat' dir='ltr'><strong>veram</strong></span> 
     </span>
    </p>
   </div>
   <div class='ocr_carea' id='block_1_48' title="bbox 1917 1886 3490 1959">
    <p class='ocr_par' dir='ltr' id='par_1_48' title="bbox 1917 1886 3490 1959">
     <span class='ocr_line' id='line_1_48' title="bbox 1917 1886 3490 1959; baseline -0.001 -16"><span class='ocrx_word' id='word_1_319' title='bbox 1917 1889 2316 1959; x_wconf 80' lang='lat' dir='ltr'><strong>ingenuamque</strong></span> <span class='ocrx_word' id='word_1_320' title='bbox 2345 1888 2556 1942; x_wconf 86' lang='lat' dir='ltr'><strong>laudem</strong></span> <span class='ocrx_word' id='word_1_321' title='bbox 2612 1886 2822 1943; x_wconf 85' lang='lat' dir='ltr'><strong>obtinet</strong></span> <span class='ocrx_word' id='word_1_322' title='bbox 2865 1903 2894 1941; x_wconf 91' lang='lat' dir='ltr'><strong>a</strong></span> <span class='ocrx_word' id='word_1_323' title='bbox 2922 1888 3124 1943; x_wconf 88' lang='lat' dir='ltr'><strong>virtute</strong></span> <span class='ocrx_word' id='word_1_324' title='bbox 3163 1886 3490 1957; x_wconf 80' lang='lat' dir='ltr'><strong>profectam.</strong></span> 
     </span>
    </p>
   </div>
   <div class='ocr_carea' id='block_1_49' title="bbox 1912 1980 3488 2050">
    <p class='ocr_par' dir='ltr' id='par_1_49' title="bbox 1912 1980 3488 2050">
     <span class='ocr_line' id='line_1_49' title="bbox 1912 1980 3488 2050; baseline -0.002 -15"><span class='ocrx_word' id='word_1_325' title='bbox 1912 1980 2073 2047; x_wconf 83' lang='lat' dir='ltr'><strong>Huic,</strong></span> <span class='ocrx_word' id='word_1_326' title='bbox 2123 1980 2364 2049; x_wconf 90' lang='lat' dir='ltr'><strong>inquam,</strong></span> <span class='ocrx_word' id='word_1_327' title='bbox 2394 1981 2447 2036; x_wconf 93' lang='lat' dir='ltr'><strong>in</strong></span> <span class='ocrx_word' id='word_1_328' title='bbox 2480 1995 2635 2050; x_wconf 83' lang='lat' dir='ltr'><strong>pace,</strong></span> <span class='ocrx_word' id='word_1_329' title='bbox 2687 1991 2743 2036; x_wconf 87' lang='lat' dir='ltr'><strong>et</strong></span> <span class='ocrx_word' id='word_1_330' title='bbox 2772 1981 3163 2049; x_wconf 87' lang='lat' dir='ltr'><strong>tranquillitate</strong></span> <span class='ocrx_word' id='word_1_331' title='bbox 3209 1989 3488 2048; x_wconf 88' lang='lat' dir='ltr'><strong>sceptrum</strong></span> 
     </span>
    </p>
   </div>
   <div class='ocr_carea' id='block_1_50' title="bbox 1912 2072 3493 2143">
    <p class='ocr_par' dir='ltr' id='par_1_50' title="bbox 1912 2072 3493 2143">
     <span class='ocr_line' id='line_1_50' title="bbox 1912 2072 3493 2143; baseline 0 -16"><span class='ocrx_word' id='word_1_332' title='bbox 1912 2083 2194 2128; x_wconf 80' lang='lat' dir='ltr'><strong>conservet</strong></span> <span class='ocrx_word' id='word_1_333' title='bbox 2226 2074 2317 2126; x_wconf 91' lang='lat' dir='ltr'><strong>ille</strong></span> <span class='ocrx_word' id='word_1_334' title='bbox 2345 2072 2438 2141; x_wconf 90' lang='lat' dir='ltr'><strong>qui</strong></span> <span class='ocrx_word' id='word_1_335' title='bbox 2468 2074 2615 2127; x_wconf 86' lang='lat' dir='ltr'><strong>dedit</strong></span> <span class='ocrx_word' id='word_1_336' title='bbox 2639 2074 2923 2143; x_wconf 89' lang='lat' dir='ltr'><strong>imperium</strong></span> <span class='ocrx_word' id='word_1_337' title='bbox 2945 2072 3222 2136; x_wconf 87' lang='lat' dir='ltr'><strong>Christus,</strong></span> <span class='ocrx_word' id='word_1_338' title='bbox 3250 2072 3342 2143; x_wconf 91' lang='lat' dir='ltr'><strong>qui</strong></span> <span class='ocrx_word' id='word_1_339' title='bbox 3367 2088 3493 2128; x_wconf 92' lang='lat' dir='ltr'><strong>cum</strong></span> 
     </span>
    </p>
   </div>
   <div class='ocr_carea' id='block_1_51' title="bbox 1913 2162 3497 2232">
    <p class='ocr_par' dir='ltr' id='par_1_51' title="bbox 1913 2162 3497 2232">
     <span class='ocr_line' id='line_1_51' title="bbox 1913 2162 3497 2232; baseline -0.001 -14"><span class='ocrx_word' id='word_1_340' title='bbox 1913 2163 2097 2229; x_wconf 83' lang='lat' dir='ltr'><strong>Patre,</strong></span> <span class='ocrx_word' id='word_1_341' title='bbox 2150 2171 2204 2217; x_wconf 88' lang='lat' dir='ltr'><strong>et</strong></span> <span class='ocrx_word' id='word_1_342' title='bbox 2235 2162 2440 2232; x_wconf 87' lang='lat' dir='ltr'><strong>Spiritu</strong></span> <span class='ocrx_word' id='word_1_343' title='bbox 2467 2163 2826 2232; x_wconf 75' lang='lat' dir='ltr'><strong>gloriﬁcatur,</strong></span> <span class='ocrx_word' id='word_1_344' title='bbox 2855 2174 2911 2218; x_wconf 92' lang='lat' dir='ltr'><strong>et</strong></span> <span class='ocrx_word' id='word_1_345' title='bbox 2932 2164 3243 2219; x_wconf 89' lang='lat' dir='ltr'><strong>celebratur</strong></span> <span class='ocrx_word' id='word_1_346' title='bbox 3272 2177 3416 2219; x_wconf 90' lang='lat' dir='ltr'><strong>nunc</strong></span> <span class='ocrx_word' id='word_1_347' title='bbox 3441 2173 3497 2219; x_wconf 87' lang='lat' dir='ltr'><strong>et</strong></span> 
     </span>
    </p>
   </div>
   <div class='ocr_carea' id='block_1_52' title="bbox 1915 2256 3140 2324">
    <p class='ocr_par' dir='ltr' id='par_1_52' title="bbox 1915 2256 3140 2324">
     <span class='ocr_line' id='line_1_52' title="bbox 1915 2256 3140 2324; baseline -0.001 -13"><span class='ocrx_word' id='word_1_348' title='bbox 1915 2270 2154 2324; x_wconf 85' lang='lat' dir='ltr'><strong>semper,</strong></span> <span class='ocrx_word' id='word_1_349' title='bbox 2188 2266 2242 2310; x_wconf 77' lang='lat' dir='ltr'><strong>et</strong></span> <span class='ocrx_word' id='word_1_350' title='bbox 2275 2256 2324 2309; x_wconf 91' lang='lat' dir='ltr'><strong>in</strong></span> <span class='ocrx_word' id='word_1_351' title='bbox 2347 2256 2548 2311; x_wconf 76' lang='lat' dir='ltr'><strong>szecula</strong></span> <span class='ocrx_word' id='word_1_352' title='bbox 2574 2256 2921 2314; x_wconf 81' lang='lat' dir='ltr'><strong>saeculorum.</strong></span> <span class='ocrx_word' id='word_1_353' title='bbox 2945 2258 3140 2314; x_wconf 70' lang='lat' dir='ltr'><strong>Amen.</strong></span> 
     </span>
    </p>
   </div>
   <div class='ocr_carea' id='block_1_53' title="bbox 2501 2383 2953 2442">
    <p class='ocr_par' dir='ltr' id='par_1_53' title="bbox 2501 2383 2953 2442">
     <span class='ocr_line' id='line_1_53' title="bbox 2501 2383 2953 2442; baseline 0.004 -3"><span class='ocrx_word' id='word_1_354' title='bbox 2501 2383 2783 2441; x_wconf 78' lang='lat' dir='ltr'><strong>llOMlLlA</strong></span> <span class='ocrx_word' id='word_1_355' title='bbox 2817 2385 2953 2442; x_wconf 81' lang='lat' dir='ltr'><strong>LVI.</strong></span> 
     </span>
    </p>
   </div>
   <div class='ocr_carea' id='block_1_54' title="bbox 1917 2477 3496 2548">
    <p class='ocr_par' dir='ltr' id='par_1_54' title="bbox 1917 2477 3496 2548">
     <span class='ocr_line' id='line_1_54' title="bbox 1917 2477 3496 2548; baseline 0.003 -16"><span class='ocrx_word' id='word_1_356' title='bbox 1917 2477 2069 2533; x_wconf 82' lang='lat' dir='ltr'><strong>Dicta</strong></span> <span class='ocrx_word' id='word_1_357' title='bbox 2097 2490 2171 2534; x_wconf 74' lang='lat' dir='ltr'><strong>est</strong></span> <span class='ocrx_word' id='word_1_358' title='bbox 2198 2481 2251 2533; x_wconf 84' lang='lat' dir='ltr'><strong>in</strong></span> <span class='ocrx_word' id='word_1_359' title='bbox 2279 2480 2415 2548; x_wconf 77' lang='lat' dir='ltr'><strong>festo</strong></span> <span class='ocrx_word' id='word_1_360' title='bbox 2434 2478 2515 2548; x_wconf 56' lang='grc' dir='ltr'>β.</span> <span class='ocrx_word' id='word_1_361' title='bbox 2549 2478 2951 2548; x_wconf 69' lang='grc' dir='ltr'><strong>Ι¹νοοορὶἱξ&lt;82).</strong></span> <span class='ocrx_word' id='word_1_362' title='bbox 2981 2510 3052 2520; x_wconf 90' lang='grc'><strong>-</strong></span> <span class='ocrx_word' id='word_1_363' title='bbox 3079 2479 3144 2534; x_wconf 82' lang='lat' dir='ltr'><strong>In</strong></span> <span class='ocrx_word' id='word_1_364' title='bbox 3175 2480 3269 2535; x_wconf 73' lang='lat' dir='ltr'><strong>illa</strong></span> <span class='ocrx_word' id='word_1_365' title='bbox 3291 2482 3442 2536; x_wconf 76' lang='lat' dir='ltr'><strong>verba</strong></span> <span class='ocrx_word' id='word_1_366' title='bbox 3477 2498 3496 2536; x_wconf 89' lang='lat'><strong><em>:</em></strong></span> 
     </span>
    </p>
   </div>
   <div class='ocr_carea' id='block_1_55' title="bbox 2369 2546 3043 2604">
    <p class='ocr_par' dir='ltr' id='par_1_55' title="bbox 2369 2546 3043 2604">
     <span class='ocr_line' id='line_1_55' title="bbox 2369 2546 3043 2604; baseline -0.001 -3"><span class='ocrx_word' id='word_1_367' title='bbox 2369 2567 2388 2601; x_wconf 80' lang='grc' dir='ltr'><strong>ι</strong></span> <span class='ocrx_word' id='word_1_368' title='bbox 2423 2546 2554 2603; x_wconf 66' lang='lat' dir='ltr'><strong>Haec</strong></span> <span class='ocrx_word' id='word_1_369' title='bbox 2589 2551 2783 2602; x_wconf 70' lang='lat' dir='ltr'><strong>vitando</strong></span> <span class='ocrx_word' id='word_1_370' title='bbox 2821 2546 2984 2604; x_wconf 72' lang='lat' dir='ltr'><strong>vobis.</strong></span> <span class='ocrx_word' id='word_1_371' title='bbox 3025 2567 3043 2600; x_wconf 78' lang='grc' dir='ltr'><strong>ι</strong></span> 
     </span>
    </p>
   </div>
   <div class='ocr_carea' id='block_1_56' title="bbox 1989 2640 3498 2713">
    <p class='ocr_par' dir='ltr' id='par_1_56' title="bbox 1989 2640 3498 2713">
     <span class='ocr_line' id='line_1_56' title="bbox 1989 2640 3498 2713; baseline -0.001 -14"><span class='ocrx_word' id='word_1_372' title='bbox 1989 2644 2371 2713; x_wconf 69' lang='lat' dir='ltr'><strong>Saepenumero</strong></span> <span class='ocrx_word' id='word_1_373' title='bbox 2392 2642 2739 2711; x_wconf 73' lang='lat' dir='ltr'><strong>cytharmdus</strong></span> <span class='ocrx_word' id='word_1_374' title='bbox 2755 2641 2917 2694; x_wconf 89' lang='lat' dir='ltr'><strong>etiam</strong></span> <span class='ocrx_word' id='word_1_375' title='bbox 2937 2640 3202 2711; x_wconf 77' lang='lat' dir='ltr'><strong>quispiam</strong></span> <span class='ocrx_word' id='word_1_376' title='bbox 3226 2658 3323 2712; x_wconf 91' lang='lat' dir='ltr'><strong>per</strong></span> <span class='ocrx_word' id='word_1_377' title='bbox 3349 2658 3498 2698; x_wconf 88' lang='lat' dir='ltr'><strong>com-</strong></span> 
     </span>
    </p>
   </div>
   <div class='ocr_carea' id='block_1_57' title="bbox 1919 2733 3498 2807">
    <p class='ocr_par' dir='ltr' id='par_1_57' title="bbox 1919 2733 3498 2807">
     <span class='ocr_line' id='line_1_57' title="bbox 1919 2733 3498 2807; baseline -0.002 -15"><span class='ocrx_word' id='word_1_378' title='bbox 1919 2738 2028 2807; x_wconf 90' lang='lat' dir='ltr'><strong>pita</strong></span> <span class='ocrx_word' id='word_1_379' title='bbox 2055 2734 2435 2800; x_wconf 81' lang='lat' dir='ltr'><strong>obambulans,</strong></span> <span class='ocrx_word' id='word_1_380' title='bbox 2467 2742 2522 2789; x_wconf 86' lang='lat' dir='ltr'><strong>et</strong></span> <span class='ocrx_word' id='word_1_381' title='bbox 2545 2734 2883 2803; x_wconf 78' lang='lat' dir='ltr'><strong>frequentem</strong></span> <span class='ocrx_word' id='word_1_382' title='bbox 2911 2733 3171 2802; x_wconf 89' lang='lat' dir='ltr'><strong>juvenum</strong></span> <span class='ocrx_word' id='word_1_383' title='bbox 3204 2735 3381 2790; x_wconf 89' lang='lat' dir='ltr'><strong>obiter</strong></span> <span class='ocrx_word' id='word_1_384' title='bbox 3408 2751 3498 2791; x_wconf 78' lang='lat' dir='ltr'><strong>co~</strong></span> 
     </span>
    </p>
   </div>
   <div class='ocr_carea' id='block_1_58' title="bbox 1920 2824 3495 2895">
    <p class='ocr_par' dir='ltr' id='par_1_58' title="bbox 1920 2824 3495 2895">
     <span class='ocr_line' id='line_1_58' title="bbox 1920 2824 3495 2895; baseline 0 -14"><span class='ocrx_word' id='word_1_385' title='bbox 1920 2840 2109 2881; x_wconf 84' lang='lat' dir='ltr'><strong>ronam</strong></span> <span class='ocrx_word' id='word_1_386' title='bbox 2127 2824 2405 2881; x_wconf 85' lang='lat' dir='ltr'><strong>offendens</strong></span> <span class='ocrx_word' id='word_1_387' title='bbox 2426 2825 2627 2880; x_wconf 90' lang='lat' dir='ltr'><strong>chorda</strong></span> <span class='ocrx_word' id='word_1_388' title='bbox 2643 2840 2703 2880; x_wconf 93' lang='lat' dir='ltr'><strong>se</strong></span> <span class='ocrx_word' id='word_1_389' title='bbox 2722 2825 2946 2895; x_wconf 80' lang='lat' dir='ltr'><strong>vestigio</strong></span> <span class='ocrx_word' id='word_1_390' title='bbox 2965 2826 3214 2891; x_wconf 89' lang='lat' dir='ltr'><strong>intendit,</strong></span> <span class='ocrx_word' id='word_1_391' title='bbox 3232 2836 3285 2881; x_wconf 90' lang='lat' dir='ltr'><strong>et</strong></span> <span class='ocrx_word' id='word_1_392' title='bbox 3306 2827 3495 2881; x_wconf 86' lang='lat' dir='ltr'><strong>admo-</strong></span> 
     </span>
    </p>
   </div>
   <div class='ocr_carea' id='block_1_59' title="bbox 1923 2917 3495 2988">
    <p class='ocr_par' dir='ltr' id='par_1_59' title="bbox 1923 2917 3495 2988">
     <span class='ocr_line' id='line_1_59' title="bbox 1923 2917 3495 2988; baseline 0.001 -17"><span class='ocrx_word' id='word_1_393' title='bbox 1923 2928 1978 2973; x_wconf 90' lang='lat' dir='ltr'><strong>to</strong></span> <span class='ocrx_word' id='word_1_394' title='bbox 1997 2918 2204 2988; x_wconf 84' lang='lat' dir='ltr'><strong>plectro</strong></span> <span class='ocrx_word' id='word_1_395' title='bbox 2249 2926 2614 2988; x_wconf 86' lang='lat' dir='ltr'><strong>contentaque</strong></span> <span class='ocrx_word' id='word_1_396' title='bbox 2633 2931 2764 2973; x_wconf 89' lang='lat' dir='ltr'><strong>voce</strong></span> <span class='ocrx_word' id='word_1_397' title='bbox 2790 2917 2986 2988; x_wconf 90' lang='lat' dir='ltr'><strong>occipit</strong></span> <span class='ocrx_word' id='word_1_398' title='bbox 3014 2917 3337 2973; x_wconf 88' lang='lat' dir='ltr'><strong>cantionem.</strong></span> <span class='ocrx_word' id='word_1_399' title='bbox 3359 2917 3495 2973; x_wconf 88' lang='lat' dir='ltr'><strong>Cum</strong></span> 
     </span>
    </p>
   </div>
   <div class='ocr_carea' id='block_1_60' title="bbox 1922 3009 3499 3081">
    <p class='ocr_par' dir='ltr' id='par_1_60' title="bbox 1922 3009 3499 3081">
     <span class='ocr_line' id='line_1_60' title="bbox 1922 3009 3499 3081; baseline 0.003 -20"><span class='ocrx_word' id='word_1_400' title='bbox 1922 3009 2088 3078; x_wconf 83' lang='lat' dir='ltr'><strong>igitur</strong></span> <span class='ocrx_word' id='word_1_401' title='bbox 2142 3018 2197 3063; x_wconf 92' lang='lat' dir='ltr'><strong>et</strong></span> <span class='ocrx_word' id='word_1_402' title='bbox 2246 3024 2348 3064; x_wconf 90' lang='lat' dir='ltr'><strong>nos</strong></span> <span class='ocrx_word' id='word_1_403' title='bbox 2399 3011 2466 3063; x_wconf 88' lang='lat' dir='ltr'><strong>ad</strong></span> <span class='ocrx_word' id='word_1_404' title='bbox 2523 3023 2735 3063; x_wconf 84' lang='lat' dir='ltr'><strong>sacram</strong></span> <span class='ocrx_word' id='word_1_405' title='bbox 2788 3009 2928 3064; x_wconf 87' lang='lat' dir='ltr'><strong>hanc</strong></span> <span class='ocrx_word' id='word_1_406' title='bbox 2983 3009 3347 3065; x_wconf 86' lang='lat' dir='ltr'><strong>ce&#39;ebritatem</strong></span> <span class='ocrx_word' id='word_1_407' title='bbox 3402 3026 3499 3081; x_wconf 82' lang='lat' dir='ltr'><strong>per</strong></span> 
     </span>
    </p>
   </div>
   <div class='ocr_carea' id='block_1_61' title="bbox 1922 3101 3492 3171">
    <p class='ocr_par' dir='ltr' id='par_1_61' title="bbox 1922 3101 3492 3171">
     <span class='ocr_line' id='line_1_61' title="bbox 1922 3101 3492 3171; baseline 0.002 -17"><span class='ocrx_word' id='word_1_408' title='bbox 1922 3101 2207 3157; x_wconf 86' lang='lat' dir='ltr'><strong>transitum</strong></span> <span class='ocrx_word' id='word_1_409' title='bbox 2240 3102 2677 3165; x_wconf 86' lang='lat' dir='ltr'><strong>convenerimus,</strong></span> <span class='ocrx_word' id='word_1_410' title='bbox 2729 3102 2795 3155; x_wconf 85' lang='lat' dir='ltr'><strong>ad</strong></span> <span class='ocrx_word' id='word_1_411' title='bbox 2828 3101 2934 3156; x_wconf 91' lang='lat' dir='ltr'><strong>dici</strong></span> <span class='ocrx_word' id='word_1_412' title='bbox 2989 3101 3109 3156; x_wconf 88' lang='lat' dir='ltr'><strong>festi</strong></span> <span class='ocrx_word' id='word_1_413' title='bbox 3149 3101 3492 3171; x_wconf 71' lang='lat' dir='ltr'><strong>splendorem</strong></span> 
     </span>
    </p>
   </div>
   <div class='ocr_carea' id='block_1_62' title="bbox 232 3188 1812 3270">
    <p class='ocr_par' dir='ltr' id='par_1_62' title="bbox 232 3188 1812 3258">
     <span class='ocr_line' id='line_1_62' title="bbox 232 3188 1812 3258; baseline 0.001 -19"><span class='ocrx_word' id='word_1_414' title='bbox 232 3191 335 3256; x_wconf 82' lang='grc' dir='ltr'>τῆς</span> <span class='ocrx_word' id='word_1_415' title='bbox 364 3188 718 3249; x_wconf 78' lang='grc' dir='ltr'>διδασκαλίας</span> <span class='ocrx_word' id='word_1_416' title='bbox 746 3188 1069 3258; x_wconf 80' lang='grc' dir='ltr'>προσθήκην</span> <span class='ocrx_word' id='word_1_417' title='bbox 1094 3188 1405 3256; x_wconf 73' lang='grc' dir='ltr'>εἰσάξομεν.</span> <span class='ocrx_word' id='word_1_418' title='bbox 1445 3188 1679 3255; x_wconf 81' lang='grc' dir='ltr'>Ἀλογον</span> <span class='ocrx_word' id='word_1_419' title='bbox 1707 3190 1812 3258; x_wconf 75' lang='grc' dir='ltr'>γὰρ</span> 
     </span>
    </p>
   </div>
   <div class='ocr_carea' id='block_1_63' title="bbox 1917 3188 3493 3270">
    <p class='ocr_par' dir='ltr' id='par_1_63' title="bbox 1921 3193 3493 3264">
     <span class='ocr_line' id='line_1_63' title="bbox 1921 3193 3493 3264; baseline 0.002 -17"><span class='ocrx_word' id='word_1_420' title='bbox 1921 3194 2189 3248; x_wconf 87' lang='lat' dir='ltr'><strong>sermonis</strong></span> <span class='ocrx_word' id='word_1_421' title='bbox 2221 3195 2382 3264; x_wconf 84' lang='lat' dir='ltr'><strong>hujus</strong></span> <span class='ocrx_word' id='word_1_422' title='bbox 2414 3193 2755 3249; x_wconf 89' lang='lat' dir='ltr'><strong>corollarium</strong></span> <span class='ocrx_word' id='word_1_423' title='bbox 2810 3194 3146 3261; x_wconf 75' lang='lat' dir='ltr'><strong>adjiciamus.</strong></span> <span class='ocrx_word' id='word_1_424' title='bbox 3183 3195 3493 3250; x_wconf 83' lang='lat' dir='ltr'><strong>Ahsurdum</strong></span> 
     </span>
    </p>
   </div>
   <div class='ocr_carea' id='block_1_64' title="bbox 233 3279 1817 3350">
    <p class='ocr_par' dir='ltr' id='par_1_64' title="bbox 233 3279 1817 3350">
     <span class='ocr_line' id='line_1_64' title="bbox 233 3279 1817 3350; baseline 0 -18"><span class='ocrx_word' id='word_1_425' title='bbox 233 3283 360 3341; x_wconf 79' lang='grc' dir='ltr'>τοὺς</span> <span class='ocrx_word' id='word_1_426' title='bbox 404 3279 506 3349; x_wconf 77' lang='grc' dir='ltr'>μὲν</span> <span class='ocrx_word' id='word_1_427' title='bbox 538 3280 668 3348; x_wconf 84' lang='grc' dir='ltr'><strong>περὶ</strong></span> <span class='ocrx_word' id='word_1_428' title='bbox 701 3279 802 3341; x_wconf 79' lang='grc' dir='ltr'>τὰς</span> <span class='ocrx_word' id='word_1_429' title='bbox 838 3280 1161 3348; x_wconf 78' lang='grc' dir='ltr'>σωματικὰς</span> <span class='ocrx_word' id='word_1_430' title='bbox 1202 3280 1504 3350; x_wconf 84' lang='grc' dir='ltr'>ἑμπορείας</span> <span class='ocrx_word' id='word_1_431' title='bbox 1537 3280 1817 3350; x_wconf 73' lang='grc' dir='ltr'>ἐπτοημέ-</span> 
     </span>
    </p>
   </div>
   <div class='ocr_carea' id='block_1_65' title="bbox 234 3369 1815 3443">
    <p class='ocr_par' dir='ltr' id='par_1_65' title="bbox 234 3369 1815 3443">
     <span class='ocr_line' id='line_1_65' title="bbox 234 3369 1815 3443; baseline 0.001 -21"><span class='ocrx_word' id='word_1_432' title='bbox 234 3387 387 3435; x_wconf 85' lang='grc' dir='ltr'>νους,</span> <span class='ocrx_word' id='word_1_433' title='bbox 429 3370 569 3439; x_wconf 77' lang='grc' dir='ltr'>πρὸς</span> <span class='ocrx_word' id='word_1_434' title='bbox 609 3370 827 3430; x_wconf 72' lang='grc' dir='ltr'>ἐκείνας</span> <span class='ocrx_word' id='word_1_435' title='bbox 872 3370 1308 3438; x_wconf 75' lang='grc' dir='ltr'>ἐνασχολεῖσθαι,</span> <span class='ocrx_word' id='word_1_436' title='bbox 1361 3369 1436 3433; x_wconf 83' lang='grc' dir='ltr'>ὡς</span> <span class='ocrx_word' id='word_1_437' title='bbox 1466 3370 1531 3423; x_wconf 84' lang='grc' dir='ltr'><strong>ἂν</strong></span> <span class='ocrx_word' id='word_1_438' title='bbox 1564 3371 1638 3441; x_wconf 83' lang='grc' dir='ltr'>μὴ</span> <span class='ocrx_word' id='word_1_439' title='bbox 1676 3390 1815 3443; x_wconf 64' lang='grc' dir='ltr'>παρη</span> 
     </span>
    </p>
   </div>
   <div class='ocr_carea' id='block_1_66' title="bbox 233 3462 1815 3533">
    <p class='ocr_par' dir='ltr' id='par_1_66' title="bbox 233 3462 1815 3533">
     <span class='ocr_line' id='line_1_66' title="bbox 233 3462 1815 3533; baseline 0.002 -18"><span class='ocrx_word' id='word_1_440' title='bbox 233 3465 443 3525; x_wconf 73' lang='grc' dir='ltr'>ἐλθοιεν</span> <span class='ocrx_word' id='word_1_441' title='bbox 464 3465 564 3533; x_wconf 81' lang='grc' dir='ltr'>τὴν</span> <span class='ocrx_word' id='word_1_442' title='bbox 598 3462 909 3533; x_wconf 83' lang='grc' dir='ltr'>πανήγυριν</span> <span class='ocrx_word' id='word_1_443' title='bbox 928 3462 1407 3532; x_wconf 83' lang='grc' dir='ltr'>ἀπραγμάτευτοι,</span> <span class='ocrx_word' id='word_1_444' title='bbox 1440 3465 1587 3533; x_wconf 79' lang='grc' dir='ltr'>ἡμᾶς</span> <span class='ocrx_word' id='word_1_445' title='bbox 1609 3465 1664 3517; x_wconf 84' lang='grc' dir='ltr'>δὲ</span> <span class='ocrx_word' id='word_1_446' title='bbox 1689 3467 1815 3528; x_wconf 79' lang='grc' dir='ltr'>τοὺς</span> 
     </span>
    </p>
   </div>
   <div class='ocr_carea' id='block_1_67' title="bbox 232 3553 1816 3626">
    <p class='ocr_par' dir='ltr' id='par_1_67' title="bbox 232 3553 1816 3626">
     <span class='ocr_line' id='line_1_67' title="bbox 232 3553 1816 3626; baseline -0.001 -18"><span class='ocrx_word' id='word_1_447' title='bbox 232 3556 702 3626; x_wconf 68' lang='grc' dir='ltr'>ἐμπιστευθέντας</span> <span class='ocrx_word' id='word_1_448' title='bbox 760 3553 861 3621; x_wconf 81' lang='grc' dir='ltr'><strong>τῆς</strong></span> <span class='ocrx_word' id='word_1_449' title='bbox 929 3553 1281 3615; x_wconf 84' lang='grc' dir='ltr'>διδασκαλίας</span> <span class='ocrx_word' id='word_1_450' title='bbox 1328 3554 1390 3607; x_wconf 83' lang='grc' dir='ltr'>τὸ</span> <span class='ocrx_word' id='word_1_451' title='bbox 1422 3556 1705 3620; x_wconf 79' lang='grc' dir='ltr'>τάλαντον,</span> <span class='ocrx_word' id='word_1_452' title='bbox 1741 3556 1816 3625; x_wconf 78' lang='grc' dir='ltr'><strong>μὴ</strong></span> 
     </span>
    </p>
   </div>
   <div class='ocr_carea' id='block_1_68' title="bbox 234 3645 1817 3716">
    <p class='ocr_par' dir='ltr' id='par_1_68' title="bbox 234 3645 1817 3716">
     <span class='ocr_line' id='line_1_68' title="bbox 234 3645 1817 3716; baseline -0.003 -16"><span class='ocrx_word' id='word_1_453' title='bbox 234 3648 570 3701; x_wconf 79' lang='grc' dir='ltr'>καταλαϐεῖν</span> <span class='ocrx_word' id='word_1_454' title='bbox 596 3645 726 3697; x_wconf 77' lang='grc' dir='ltr'>αὐτὸ</span> <span class='ocrx_word' id='word_1_455' title='bbox 757 3648 870 3707; x_wconf 86' lang='grc' dir='ltr'>τοῖς</span> <span class='ocrx_word' id='word_1_456' title='bbox 902 3645 1088 3706; x_wconf 73' lang='grc' dir='ltr'>καλοῖς</span> <span class='ocrx_word' id='word_1_457' title='bbox 1137 3645 1293 3714; x_wconf 85' lang='grc' dir='ltr'>ὑμῶν</span> <span class='ocrx_word' id='word_1_458' title='bbox 1332 3645 1711 3716; x_wconf 73' lang='grc' dir='ltr'>τραπεζίταις,</span> <span class='ocrx_word' id='word_1_459' title='bbox 1740 3648 1817 3710; x_wconf 82' lang='grc' dir='ltr'>ὡς</span> 
     </span>
    </p>
   </div>
   <div class='ocr_carea' id='block_1_69' title="bbox 232 3735 1816 3808">
    <p class='ocr_par' dir='ltr' id='par_1_69' title="bbox 232 3735 1816 3808">
     <span class='ocr_line' id='line_1_69' title="bbox 232 3735 1816 3808; baseline 0 -17"><span class='ocrx_word' id='word_1_460' title='bbox 232 3740 299 3791; x_wconf 79' lang='grc' dir='ltr'>ἂν</span> <span class='ocrx_word' id='word_1_461' title='bbox 319 3738 411 3792; x_wconf 76' lang='grc' dir='ltr'>διὰ</span> <span class='ocrx_word' id='word_1_462' title='bbox 445 3738 547 3806; x_wconf 81' lang='grc' dir='ltr'>τῆς</span> <span class='ocrx_word' id='word_1_463' title='bbox 577 3736 685 3789; x_wconf 82' lang='grc' dir='ltr'>τῶν</span> <span class='ocrx_word' id='word_1_464' title='bbox 740 3736 974 3788; x_wconf 72' lang='grc' dir='ltr'>ἐντολῶν</span> <span class='ocrx_word' id='word_1_465' title='bbox 1017 3735 1307 3804; x_wconf 79' lang='grc' dir='ltr'>ἐργασίας,</span> <span class='ocrx_word' id='word_1_466' title='bbox 1335 3736 1816 3808; x_wconf 78' lang='grc' dir='ltr'>πολυπλασιάσητε</span> 
     </span>
    </p>
   </div>
   <div class='ocr_carea' id='block_1_70' title="bbox 236 3830 1819 3902">
    <p class='ocr_par' dir='ltr' id='par_1_70' title="bbox 236 3830 1819 3902">
     <span class='ocr_line' id='line_1_70' title="bbox 236 3830 1819 3902; baseline -0.002 -16"><span class='ocrx_word' id='word_1_467' title='bbox 236 3836 295 3886; x_wconf 77' lang='grc' dir='ltr'><strong>τὸ</strong></span> <span class='ocrx_word' id='word_1_468' title='bbox 325 3834 483 3886; x_wconf 75' lang='grc' dir='ltr'>κάτω</span> <span class='ocrx_word' id='word_1_469' title='bbox 511 3831 988 3899; x_wconf 80' lang='grc' dir='ltr'>καταϐαλλόμενον</span> <span class='ocrx_word' id='word_1_470' title='bbox 1014 3870 1029 3895; x_wconf 91' lang='grc'><strong>,</strong></span> <span class='ocrx_word' id='word_1_471' title='bbox 1065 3831 1161 3882; x_wconf 74' lang='grc' dir='ltr'>καὶ</span> <span class='ocrx_word' id='word_1_472' title='bbox 1206 3831 1380 3884; x_wconf 85' lang='grc' dir='ltr'>ταῦτα</span> <span class='ocrx_word' id='word_1_473' title='bbox 1434 3830 1819 3902; x_wconf 79' lang='grc' dir='ltr'>πολυπληθοῦς</span> 
     </span>
    </p>
   </div>
   <div class='ocr_carea' id='block_1_71' title="bbox 236 3922 1818 3995">
    <p class='ocr_par' dir='ltr' id='par_1_71' title="bbox 236 3922 1818 3995">
     <span class='ocr_line' id='line_1_71' title="bbox 236 3922 1818 3995; baseline 0.001 -19"><span class='ocrx_word' id='word_1_474' title='bbox 236 3924 403 3993; x_wconf 74' lang='grc' dir='ltr'>οὔσης</span> <span class='ocrx_word' id='word_1_475' title='bbox 459 3924 563 3990; x_wconf 78' lang='grc' dir='ltr'>τῆς</span> <span class='ocrx_word' id='word_1_476' title='bbox 621 3922 1054 3992; x_wconf 84' lang='grc' dir='ltr'>συνεκχεύσεως,</span> <span class='ocrx_word' id='word_1_477' title='bbox 1088 3924 1182 3974; x_wconf 77' lang='grc' dir='ltr'>καὶ</span> <span class='ocrx_word' id='word_1_478' title='bbox 1228 3923 1450 3975; x_wconf 79' lang='grc' dir='ltr'>πάντων</span> <span class='ocrx_word' id='word_1_479' title='bbox 1506 3925 1818 3995; x_wconf 83' lang='grc' dir='ltr'>κεχηνότων</span> 
     </span>
    </p>
   </div>
   <div class='ocr_carea' id='block_1_72' title="bbox 240 4015 1819 4089">
    <p class='ocr_par' dir='ltr' id='par_1_72' title="bbox 240 4015 1819 4089">
     <span class='ocr_line' id='line_1_72' title="bbox 240 4015 1819 4089; baseline 0.001 -20"><span class='ocrx_word' id='word_1_480' title='bbox 240 4021 376 4089; x_wconf 81' lang='grc' dir='ltr'>πρὸς</span> <span class='ocrx_word' id='word_1_481' title='bbox 406 4018 510 4087; x_wconf 75' lang='grc' dir='ltr'><strong>τὴν</strong></span> <span class='ocrx_word' id='word_1_482' title='bbox 538 4018 827 4086; x_wconf 86' lang='grc' dir='ltr'>ἀκρόασιν.</span> <span class='ocrx_word' id='word_1_483' title='bbox 856 4017 1050 4069; x_wconf 78' lang='grc' dir='ltr'>Αὐτῶν</span> <span class='ocrx_word' id='word_1_484' title='bbox 1081 4016 1177 4069; x_wconf 85' lang='grc' dir='ltr'><strong>οῦν</strong></span> <span class='ocrx_word' id='word_1_485' title='bbox 1206 4015 1318 4069; x_wconf 81' lang='grc' dir='ltr'><strong>τῶν</strong></span> <span class='ocrx_word' id='word_1_486' title='bbox 1354 4017 1819 4089; x_wconf 79' lang='grc' dir='ltr'>ἀναγνωθησομέ-</span> 
     </span>
    </p>
   </div>
   <div class='ocr_carea' id='block_1_73' title="bbox 236 4108 1342 4179">
    <p class='ocr_par' dir='ltr' id='par_1_73' title="bbox 236 4108 1342 4179">
     <span class='ocr_line' id='line_1_73' title="bbox 236 4108 1342 4179; baseline 0 -17"><span class='ocrx_word' id='word_1_487' title='bbox 236 4129 344 4163; x_wconf 85' lang='grc' dir='ltr'><strong>νων</strong></span> <span class='ocrx_word' id='word_1_488' title='bbox 368 4109 674 4162; x_wconf 85' lang='grc' dir='ltr'>θεολεκτῶν</span> <span class='ocrx_word' id='word_1_489' title='bbox 698 4110 963 4179; x_wconf 77' lang='grc' dir='ltr'>ῥημάτων</span> <span class='ocrx_word' id='word_1_490' title='bbox 989 4108 1342 4177; x_wconf 78' lang='grc' dir='ltr'>ἀκούσωμεν.</span> 
     </span>
    </p>
   </div>
   <div class='ocr_carea' id='block_1_74' title="bbox 314 4200 1817 4272">
    <p class='ocr_par' dir='ltr' id='par_1_74' title="bbox 314 4200 1817 4272">
     <span class='ocr_line' id='line_1_74' title="bbox 314 4200 1817 4272; baseline -0.001 -17"><span class='ocrx_word' id='word_1_491' title='bbox 314 4223 332 4254; x_wconf 74' lang='grc' dir='ltr'><strong>ι</strong></span> <span class='ocrx_word' id='word_1_492' title='bbox 371 4200 542 4255; x_wconf 82' lang='grc' dir='ltr'>Εἶπεν</span> <span class='ocrx_word' id='word_1_493' title='bbox 568 4205 595 4255; x_wconf 88' lang='grc' dir='ltr'><strong>ό</strong></span> <span class='ocrx_word' id='word_1_494' title='bbox 628 4200 835 4271; x_wconf 80' lang='grc' dir='ltr'>Κύριος</span> <span class='ocrx_word' id='word_1_495' title='bbox 888 4203 1001 4262; x_wconf 87' lang='grc' dir='ltr'>τοῖς</span> <span class='ocrx_word' id='word_1_496' title='bbox 1042 4200 1241 4253; x_wconf 81' lang='grc' dir='ltr'>ἑαυτοῦ</span> <span class='ocrx_word' id='word_1_497' title='bbox 1280 4201 1592 4272; x_wconf 74' lang='grc' dir='ltr'>μαθηταῖς·</span> <span class='ocrx_word' id='word_1_498' title='bbox 1631 4201 1817 4254; x_wconf 86' lang='grc' dir='ltr'>Ταῦτα</span> 
     </span>
    </p>
   </div>
   <div class='ocr_carea' id='block_1_75' title="bbox 240 4291 1817 4364">
    <p class='ocr_par' dir='ltr' id='par_1_75' title="bbox 240 4291 1817 4364">
     <span class='ocr_line' id='line_1_75' title="bbox 240 4291 1817 4364; baseline -0.003 -15"><span class='ocrx_word' id='word_1_499' title='bbox 240 4296 564 4363; x_wconf 73' lang='grc' dir='ltr'>ἐντέλλομαι</span> <span class='ocrx_word' id='word_1_500' title='bbox 600 4296 751 4362; x_wconf 81' lang='grc' dir='ltr'>ὑμῖν,</span> <span class='ocrx_word' id='word_1_501' title='bbox 787 4294 878 4346; x_wconf 80' lang='grc' dir='ltr'><strong>ἵνα</strong></span> <span class='ocrx_word' id='word_1_502' title='bbox 900 4294 1156 4359; x_wconf 81' lang='grc' dir='ltr'>ἀγαπᾶτε</span> <span class='ocrx_word' id='word_1_503' title='bbox 1179 4291 1469 4362; x_wconf 83' lang='grc' dir='ltr'>ἀλλήλους.</span> <span class='ocrx_word' id='word_1_504' title='bbox 1506 4294 1648 4363; x_wconf 75' lang='grc' dir='ltr'><strong>»Τὴν</strong></span> <span class='ocrx_word' id='word_1_505' title='bbox 1678 4294 1817 4364; x_wconf 83' lang='grc' dir='ltr'>ὑπὲρ</span> 
     </span>
    </p>
   </div>
   <div class='ocr_carea' id='block_1_76' title="bbox 236 4383 1819 4455">
    <p class='ocr_par' dir='ltr' id='par_1_76' title="bbox 236 4383 1819 4455">
     <span class='ocr_line' id='line_1_76' title="bbox 236 4383 1819 4455; baseline 0.001 -18"><span class='ocrx_word' id='word_1_506' title='bbox 236 4386 346 4437; x_wconf 84' lang='grc' dir='ltr'><strong>τῶν</strong></span> <span class='ocrx_word' id='word_1_507' title='bbox 407 4383 722 4455; x_wconf 83' lang='grc' dir='ltr'>ἀνθρώπων</span> <span class='ocrx_word' id='word_1_508' title='bbox 766 4385 1088 4451; x_wconf 75' lang='grc' dir='ltr'>οἰκονομίαν</span> <span class='ocrx_word' id='word_1_509' title='bbox 1142 4385 1427 4454; x_wconf 79' lang='grc' dir='ltr'>πληρῶνό</span> <span class='ocrx_word' id='word_1_510' title='bbox 1485 4386 1696 4455; x_wconf 79' lang='grc' dir='ltr'>Σωτὴρ,</span> <span class='ocrx_word' id='word_1_511' title='bbox 1725 4386 1819 4438; x_wconf 80' lang='grc' dir='ltr'><strong>καὶ</strong></span> 
     </span>
    </p>
   </div>
   <div class='ocr_carea' id='block_1_77' title="bbox 234 4476 1816 4550">
    <p class='ocr_par' dir='ltr' id='par_1_77' title="bbox 234 4476 1816 4550">
     <span class='ocr_line' id='line_1_77' title="bbox 234 4476 1816 4550; baseline -0.001 -18"><span class='ocrx_word' id='word_1_512' title='bbox 234 4480 335 4550; x_wconf 68' lang='grc' dir='ltr'>ἤδη</span> <span class='ocrx_word' id='word_1_513' title='bbox 374 4480 519 4549; x_wconf 80' lang='grc' dir='ltr'>πρὸς</span> <span class='ocrx_word' id='word_1_514' title='bbox 566 4480 629 4531; x_wconf 78' lang='grc' dir='ltr'><strong>τὸ</strong></span> <span class='ocrx_word' id='word_1_515' title='bbox 655 4477 961 4547; x_wconf 82' lang='grc' dir='ltr'>κεφάλαιον</span> <span class='ocrx_word' id='word_1_516' title='bbox 1010 4478 1185 4547; x_wconf 78' lang='grc' dir='ltr'>αὐτῆς</span> <span class='ocrx_word' id='word_1_517' title='bbox 1242 4478 1479 4547; x_wconf 79' lang='grc' dir='ltr'>ἱέμενος,</span> <span class='ocrx_word' id='word_1_518' title='bbox 1529 4478 1668 4548; x_wconf 83' lang='grc' dir='ltr'>ὅπερ</span> <span class='ocrx_word' id='word_1_519' title='bbox 1690 4476 1816 4549; x_wconf 78' lang='grc' dir='ltr'>ἦνό</span> 
     </span>
    </p>
   </div>
   <div class='ocr_carea' id='block_1_78' title="bbox 310 4616 1634 4684">
    <p class='ocr_par' dir='ltr' id='par_1_78' title="bbox 310 4616 1634 4684">
     <span class='ocr_line' id='line_1_78' title="bbox 310 4616 1634 4684; baseline 0 -13"><span class='ocrx_word' id='word_1_520' title='bbox 310 4618 353 4651; x_wconf 83' lang='grc'><strong>³³</strong></span> <span class='ocrx_word' id='word_1_521' title='bbox 377 4618 575 4673; x_wconf 75' lang='lat' dir='ltr'><strong>Matth.</strong></span> <span class='ocrx_word' id='word_1_522' title='bbox 611 4633 781 4683; x_wconf 75' lang='lat' dir='ltr'><strong>xxvii,</strong></span> <span class='ocrx_word' id='word_1_523' title='bbox 818 4617 906 4674; x_wconf 85' lang='lat'><strong>57.</strong></span> <span class='ocrx_word' id='word_1_524' title='bbox 984 4616 1030 4650; x_wconf 81' lang='lat'>“</span> <span class='ocrx_word' id='word_1_525' title='bbox 1056 4616 1212 4671; x_wconf 80' lang='lat' dir='ltr'><strong>Joan.</strong></span> <span class='ocrx_word' id='word_1_526' title='bbox 1250 4634 1341 4681; x_wconf 85' lang='lat' dir='ltr'><strong>xv,</strong></span> <span class='ocrx_word' id='word_1_527' title='bbox 1382 4617 1449 4671; x_wconf 76' lang='grc'><strong>12</strong></span> <span class='ocrx_word' id='word_1_528' title='bbox 1479 4631 1634 4684; x_wconf 86' lang='lat' dir='ltr'><strong>seqq.</strong></span> 
     </span>
    </p>
   </div>
   <div class='ocr_carea' id='block_1_79' title="bbox 1918 3282 3496 3352">
    <p class='ocr_par' dir='ltr' id='par_1_79' title="bbox 1918 3282 3496 3352">
     <span class='ocr_line' id='line_1_79' title="bbox 1918 3282 3496 3352; baseline 0.001 -17"><span class='ocrx_word' id='word_1_529' title='bbox 1918 3282 2062 3335; x_wconf 91' lang='lat' dir='ltr'><strong>enim</strong></span> <span class='ocrx_word' id='word_1_530' title='bbox 2097 3294 2182 3337; x_wconf 90' lang='lat' dir='ltr'><strong>est</strong></span> <span class='ocrx_word' id='word_1_531' title='bbox 2223 3298 2316 3337; x_wconf 92' lang='lat' dir='ltr'><strong>eos</strong></span> <span class='ocrx_word' id='word_1_532' title='bbox 2364 3283 2455 3352; x_wconf 91' lang='lat' dir='ltr'><strong>qui</strong></span> <span class='ocrx_word' id='word_1_533' title='bbox 2510 3282 2768 3337; x_wconf 79' lang='lat' dir='ltr'><strong>iluxarum</strong></span> <span class='ocrx_word' id='word_1_534' title='bbox 2807 3297 2967 3352; x_wconf 90' lang='lat' dir='ltr'><strong>opum</strong></span> <span class='ocrx_word' id='word_1_535' title='bbox 3014 3294 3331 3339; x_wconf 71' lang='lat' dir='ltr'><strong>mercatura:</strong></span> <span class='ocrx_word' id='word_1_536' title='bbox 3377 3295 3496 3339; x_wconf 82' lang='lat' dir='ltr'><strong>stu-</strong></span> 
     </span>
    </p>
   </div>
   <div class='ocr_carea' id='block_1_80' title="bbox 1919 3373 3491 3444">
    <p class='ocr_par' dir='ltr' id='par_1_80' title="bbox 1919 3373 3491 3444">
     <span class='ocr_line' id='line_1_80' title="bbox 1919 3373 3491 3444; baseline -0.002 -12"><span class='ocrx_word' id='word_1_537' title='bbox 1919 3378 2066 3437; x_wconf 87' lang='lat' dir='ltr'><strong>dent,</strong></span> <span class='ocrx_word' id='word_1_538' title='bbox 2098 3373 2171 3427; x_wconf 88' lang='lat' dir='ltr'><strong>ita</strong></span> <span class='ocrx_word' id='word_1_539' title='bbox 2202 3374 2269 3428; x_wconf 90' lang='lat' dir='ltr'><strong>iis</strong></span> <span class='ocrx_word' id='word_1_540' title='bbox 2301 3382 2539 3428; x_wconf 90' lang='lat' dir='ltr'><strong>attentos</strong></span> <span class='ocrx_word' id='word_1_541' title='bbox 2568 3389 2709 3438; x_wconf 82' lang='lat' dir='ltr'><strong>esse,</strong></span> <span class='ocrx_word' id='word_1_542' title='bbox 2732 3384 2792 3429; x_wconf 93' lang='lat' dir='ltr'><strong>ut</strong></span> <span class='ocrx_word' id='word_1_543' title='bbox 2828 3373 3167 3444; x_wconf 81' lang='lat' dir='ltr'><strong>frequentem</strong></span> <span class='ocrx_word' id='word_1_544' title='bbox 3191 3386 3491 3430; x_wconf 82' lang='lat' dir='ltr'><strong>mercatum</strong></span> 
     </span>
    </p>
   </div>
   <div class='ocr_carea' id='block_1_81' title="bbox 1920 3464 3495 3535">
    <p class='ocr_par' dir='ltr' id='par_1_81' title="bbox 1920 3464 3495 3535">
     <span class='ocr_line' id='line_1_81' title="bbox 1920 3464 3495 3535; baseline -0.003 -12"><span class='ocrx_word' id='word_1_545' title='bbox 1920 3468 2123 3523; x_wconf 92' lang='lat' dir='ltr'><strong>nullum</strong></span> <span class='ocrx_word' id='word_1_546' title='bbox 2178 3473 2524 3535; x_wconf 68' lang='lat' dir='ltr'><strong>praetereant,</strong></span> <span class='ocrx_word' id='word_1_547' title='bbox 2578 3465 2631 3518; x_wconf 89' lang='lat' dir='ltr'><strong>in</strong></span> <span class='ocrx_word' id='word_1_548' title='bbox 2680 3480 2787 3535; x_wconf 92' lang='lat' dir='ltr'><strong>quo</strong></span> <span class='ocrx_word' id='word_1_549' title='bbox 2821 3480 2925 3519; x_wconf 89' lang='lat' dir='ltr'><strong>non</strong></span> <span class='ocrx_word' id='word_1_550' title='bbox 2965 3466 3335 3535; x_wconf 76' lang='lat' dir='ltr'><strong>negotiantur.</strong></span> <span class='ocrx_word' id='word_1_551' title='bbox 3382 3464 3495 3520; x_wconf 82' lang='lat' dir='ltr'><strong>Nos</strong></span> 
     </span>
    </p>
   </div>
   <div class='ocr_carea' id='block_1_82' title="bbox 1918 3556 3496 3625">
    <p class='ocr_par' dir='ltr' id='par_1_82' title="bbox 1918 3556 3496 3625">
     <span class='ocr_line' id='line_1_82' title="bbox 1918 3556 3496 3625; baseline 0.001 -15"><span class='ocrx_word' id='word_1_552' title='bbox 1918 3573 2048 3612; x_wconf 90' lang='lat' dir='ltr'><strong>vero</strong></span> <span class='ocrx_word' id='word_1_553' title='bbox 2081 3558 2277 3625; x_wconf 89' lang='lat' dir='ltr'><strong>quibus</strong></span> <span class='ocrx_word' id='word_1_554' title='bbox 2324 3557 2585 3611; x_wconf 68' lang='lat' dir='ltr'><strong>doctrinae</strong></span> <span class='ocrx_word' id='word_1_555' title='bbox 2616 3556 2891 3611; x_wconf 66' lang='lat' dir='ltr'><strong>tradendae</strong></span> <span class='ocrx_word' id='word_1_556' title='bbox 2931 3557 3193 3612; x_wconf 89' lang='lat' dir='ltr'><strong>talentum</strong></span> <span class='ocrx_word' id='word_1_557' title='bbox 3236 3559 3496 3613; x_wconf 85' lang='lat' dir='ltr'><strong>commis-</strong></span> 
     </span>
    </p>
   </div>
   <div class='ocr_carea' id='block_1_83' title="bbox 1919 3647 3492 3719">
    <p class='ocr_par' dir='ltr' id='par_1_83' title="bbox 1919 3647 3492 3719">
     <span class='ocr_line' id='line_1_83' title="bbox 1919 3647 3492 3719; baseline 0.001 -16"><span class='ocrx_word' id='word_1_558' title='bbox 1919 3665 2036 3703; x_wconf 91' lang='lat' dir='ltr'><strong>sum</strong></span> <span class='ocrx_word' id='word_1_559' title='bbox 2067 3658 2173 3716; x_wconf 90' lang='lat' dir='ltr'><strong>est,</strong></span> <span class='ocrx_word' id='word_1_560' title='bbox 2209 3662 2315 3701; x_wconf 93' lang='lat' dir='ltr'><strong>non</strong></span> <span class='ocrx_word' id='word_1_561' title='bbox 2373 3647 2501 3702; x_wconf 86' lang='lat' dir='ltr'><strong>illud</strong></span> <span class='ocrx_word' id='word_1_562' title='bbox 2536 3649 2675 3717; x_wconf 89' lang='lat' dir='ltr'><strong>apud</strong></span> <span class='ocrx_word' id='word_1_563' title='bbox 2713 3663 2810 3703; x_wconf 88' lang='lat' dir='ltr'><strong>vos</strong></span> <span class='ocrx_word' id='word_1_564' title='bbox 2840 3650 3076 3719; x_wconf 88' lang='lat' dir='ltr'><strong>optimos</strong></span> <span class='ocrx_word' id='word_1_565' title='bbox 3112 3650 3403 3719; x_wconf 83' lang='lat' dir='ltr'><strong>trapezitas</strong></span> <span class='ocrx_word' id='word_1_566' title='bbox 3438 3652 3492 3705; x_wconf 82' lang='lat' dir='ltr'><strong>in</strong></span> 
     </span>
    </p>
   </div>
   <div class='ocr_carea' id='block_1_84' title="bbox 1920 3742 3497 3811">
    <p class='ocr_par' dir='ltr' id='par_1_84' title="bbox 1920 3742 3497 3811">
     <span class='ocr_line' id='line_1_84' title="bbox 1920 3742 3497 3811; baseline 0.002 -17"><span class='ocrx_word' id='word_1_567' title='bbox 1920 3742 2071 3795; x_wconf 85' lang='lat' dir='ltr'><strong>lucro</strong></span> <span class='ocrx_word' id='word_1_568' title='bbox 2106 3756 2328 3808; x_wconf 87' lang='lat' dir='ltr'><strong>ponere,</strong></span> <span class='ocrx_word' id='word_1_569' title='bbox 2382 3750 2437 3795; x_wconf 88' lang='lat' dir='ltr'><strong>ut</strong></span> <span class='ocrx_word' id='word_1_570' title='bbox 2474 3756 2569 3805; x_wconf 89' lang='lat' dir='ltr'><strong>per</strong></span> <span class='ocrx_word' id='word_1_571' title='bbox 2617 3742 2938 3797; x_wconf 84' lang='lat' dir='ltr'><strong>exercitium</strong></span> <span class='ocrx_word' id='word_1_572' title='bbox 2973 3750 3364 3811; x_wconf 62' lang='lat' dir='ltr'><strong>praeceptorum</strong></span> <span class='ocrx_word' id='word_1_573' title='bbox 3401 3744 3497 3797; x_wconf 83' lang='lat' dir='ltr'><strong>de-</strong></span> 
     </span>
    </p>
   </div>
   <div class='ocr_carea' id='block_1_85' title="bbox 1921 3832 3495 3903">
    <p class='ocr_par' dir='ltr' id='par_1_85' title="bbox 1921 3832 3495 3903">
     <span class='ocr_line' id='line_1_85' title="bbox 1921 3832 3495 3903; baseline 0 -15"><span class='ocrx_word' id='word_1_574' title='bbox 1921 3834 2153 3900; x_wconf 87' lang='lat' dir='ltr'><strong>positum</strong></span> <span class='ocrx_word' id='word_1_575' title='bbox 2214 3832 2652 3903; x_wconf 88' lang='lat' dir='ltr'><strong>multiplicetur:</strong></span> <span class='ocrx_word' id='word_1_576' title='bbox 2706 3849 2830 3889; x_wconf 91' lang='lat' dir='ltr'><strong>cum</strong></span> <span class='ocrx_word' id='word_1_577' title='bbox 2882 3833 3181 3903; x_wconf 62' lang='lat' dir='ltr'><strong>prasertim</strong></span> <span class='ocrx_word' id='word_1_578' title='bbox 3240 3834 3495 3898; x_wconf 89' lang='lat' dir='ltr'><strong>frequen-</strong></span> 
     </span>
    </p>
   </div>
   <div class='ocr_carea' id='block_1_86' title="bbox 1924 3928 3497 3995">
    <p class='ocr_par' dir='ltr' id='par_1_86' title="bbox 1924 3928 3497 3995">
     <span class='ocr_line' id='line_1_86' title="bbox 1924 3928 3497 3995; baseline 0.001 -12"><span class='ocrx_word' id='word_1_579' title='bbox 1924 3930 2169 3984; x_wconf 86' lang='lat' dir='ltr'><strong>tissimus</strong></span> <span class='ocrx_word' id='word_1_580' title='bbox 2234 3937 2530 3984; x_wconf 89' lang='lat' dir='ltr'><strong>conventus</strong></span> <span class='ocrx_word' id='word_1_581' title='bbox 2585 3928 2675 3985; x_wconf 90' lang='lat' dir='ltr'><strong>hic</strong></span> <span class='ocrx_word' id='word_1_582' title='bbox 2727 3930 2833 3995; x_wconf 85' lang='lat' dir='ltr'><strong>sit,</strong></span> <span class='ocrx_word' id='word_1_583' title='bbox 2888 3938 2943 3984; x_wconf 87' lang='lat' dir='ltr'><strong>et</strong></span> <span class='ocrx_word' id='word_1_584' title='bbox 2995 3944 3185 3985; x_wconf 89' lang='lat' dir='ltr'><strong>omnes</strong></span> <span class='ocrx_word' id='word_1_585' title='bbox 3241 3930 3497 3985; x_wconf 66' lang='lat' dir='ltr'><strong>audiendi</strong></span> 
     </span>
    </p>
   </div>
   <div class='ocr_carea' id='block_1_87' title="bbox 1922 4020 3500 4091">
    <p class='ocr_par' dir='ltr' id='par_1_87' title="bbox 1922 4020 3500 4091">
     <span class='ocr_line' id='line_1_87' title="bbox 1922 4020 3500 4091; baseline 0.002 -16"><span class='ocrx_word' id='word_1_586' title='bbox 1922 4022 2250 4076; x_wconf 87' lang='lat' dir='ltr'><strong>avidissimi.</strong></span> <span class='ocrx_word' id='word_1_587' title='bbox 2327 4021 2445 4090; x_wconf 86' lang='lat' dir='ltr'><strong>ipsa</strong></span> <span class='ocrx_word' id='word_1_588' title='bbox 2521 4020 2682 4091; x_wconf 76' lang='lat' dir='ltr'><strong>igitur</strong></span> <span class='ocrx_word' id='word_1_589' title='bbox 2765 4022 3016 4091; x_wconf 66' lang='lat' dir='ltr'><strong>praelecta</strong></span> <span class='ocrx_word' id='word_1_590' title='bbox 3096 4023 3261 4079; x_wconf 89' lang='lat' dir='ltr'><strong>verba</strong></span> <span class='ocrx_word' id='word_1_591' title='bbox 3318 4023 3500 4078; x_wconf 82' lang='lat' dir='ltr'><strong>divina</strong></span> 
     </span>
    </p>
   </div>
   <div class='ocr_carea' id='block_1_88' title="bbox 1921 4112 2319 4167">
    <p class='ocr_par' dir='ltr' id='par_1_88' title="bbox 1921 4112 2319 4167">
     <span class='ocr_line' id='line_1_88' title="bbox 1921 4112 2319 4167; baseline -0.005 -2"><span class='ocrx_word' id='word_1_592' title='bbox 1921 4113 2209 4167; x_wconf 86' lang='lat' dir='ltr'><strong>audiamus</strong></span> <span class='ocrx_word' id='word_1_593' title='bbox 2226 4112 2272 4144; x_wconf 71' lang='lat'><strong>“</strong></span> <span class='ocrx_word' id='word_1_594' title='bbox 2305 4128 2319 4163; x_wconf 86' lang='lat'><strong>:</strong></span> 
     </span>
    </p>
   </div>
   <div class='ocr_carea' id='block_1_89' title="bbox 1997 4200 3495 4270">
    <p class='ocr_par' dir='ltr' id='par_1_89' title="bbox 1997 4200 3495 4270">
     <span class='ocr_line' id='line_1_89' title="bbox 1997 4200 3495 4270; baseline 0.004 -17"><span class='ocrx_word' id='word_1_595' title='bbox 1997 4221 2016 4253; x_wconf 78' lang='grc' dir='ltr'><strong>ι</strong></span> <span class='ocrx_word' id='word_1_596' title='bbox 2057 4201 2202 4255; x_wconf 78' lang='lat' dir='ltr'><strong>Dixit</strong></span> <span class='ocrx_word' id='word_1_597' title='bbox 2233 4200 2389 4257; x_wconf 82' lang='lat' dir='ltr'><strong>Jesus</strong></span> <span class='ocrx_word' id='word_1_598' title='bbox 2418 4202 2697 4270; x_wconf 80' lang='lat' dir='ltr'><strong>discipulis</strong></span> <span class='ocrx_word' id='word_1_599' title='bbox 2734 4204 2849 4257; x_wconf 86' lang='lat' dir='ltr'><strong>suis</strong></span> <span class='ocrx_word' id='word_1_600' title='bbox 2880 4220 2893 4255; x_wconf 88' lang='lat'><strong>:</strong></span> <span class='ocrx_word' id='word_1_601' title='bbox 2932 4201 3057 4259; x_wconf 68' lang='lat' dir='ltr'><strong>Haec</strong></span> <span class='ocrx_word' id='word_1_602' title='bbox 3089 4204 3285 4259; x_wconf 91' lang='lat' dir='ltr'><strong>mando</strong></span> <span class='ocrx_word' id='word_1_603' title='bbox 3319 4205 3495 4269; x_wconf 86' lang='lat' dir='ltr'><strong>vobis,</strong></span> 
     </span>
    </p>
   </div>
   <div class='ocr_carea' id='block_1_90' title="bbox 1922 4293 3501 4363">
    <p class='ocr_par' dir='ltr' id='par_1_90' title="bbox 1922 4293 3501 4363">
     <span class='ocr_line' id='line_1_90' title="bbox 1922 4293 3501 4363; baseline 0.001 -15"><span class='ocrx_word' id='word_1_604' title='bbox 1922 4304 1980 4348; x_wconf 91' lang='lat' dir='ltr'><strong>ut</strong></span> <span class='ocrx_word' id='word_1_605' title='bbox 2006 4294 2243 4362; x_wconf 80' lang='lat' dir='ltr'><strong>diligatis</strong></span> <span class='ocrx_word' id='word_1_606' title='bbox 2266 4294 2522 4349; x_wconf 83' lang='lat' dir='ltr'><strong>invicem.</strong></span> <span class='ocrx_word' id='word_1_607' title='bbox 2552 4313 2570 4346; x_wconf 77' lang='grc' dir='ltr'><strong>ι</strong></span> <span class='ocrx_word' id='word_1_608' title='bbox 2609 4293 2748 4349; x_wconf 88' lang='lat' dir='ltr'><strong>Cum</strong></span> <span class='ocrx_word' id='word_1_609' title='bbox 2778 4309 2864 4360; x_wconf 85' lang='lat' dir='ltr'><strong>ea,</strong></span> <span class='ocrx_word' id='word_1_610' title='bbox 2888 4310 3009 4363; x_wconf 79' lang='lat' dir='ltr'><strong>quae</strong></span> <span class='ocrx_word' id='word_1_611' title='bbox 3047 4296 3301 4351; x_wconf 81' lang='lat' dir='ltr'><strong>humana:</strong></span> <span class='ocrx_word' id='word_1_612' title='bbox 3354 4297 3501 4351; x_wconf 86' lang='lat' dir='ltr'><strong>salu-</strong></span> 
     </span>
    </p>
   </div>
   <div class='ocr_carea' id='block_1_91' title="bbox 1924 4386 3501 4458">
    <p class='ocr_par' dir='ltr' id='par_1_91' title="bbox 1924 4386 3501 4458">
     <span class='ocr_line' id='line_1_91' title="bbox 1924 4386 3501 4458; baseline 0.005 -21"><span class='ocrx_word' id='word_1_613' title='bbox 1924 4387 1991 4440; x_wconf 88' lang='lat' dir='ltr'><strong>tis</strong></span> <span class='ocrx_word' id='word_1_614' title='bbox 2054 4402 2221 4442; x_wconf 81' lang='lat' dir='ltr'><strong>causa</strong></span> <span class='ocrx_word' id='word_1_615' title='bbox 2277 4386 2536 4456; x_wconf 86' lang='lat' dir='ltr'><strong>disposita</strong></span> <span class='ocrx_word' id='word_1_616' title='bbox 2591 4396 2770 4451; x_wconf 85' lang='lat' dir='ltr'><strong>erant,</strong></span> <span class='ocrx_word' id='word_1_617' title='bbox 2807 4386 3056 4443; x_wconf 83' lang='lat' dir='ltr'><strong>Salvator</strong></span> <span class='ocrx_word' id='word_1_618' title='bbox 3097 4388 3398 4458; x_wconf 88' lang='lat' dir='ltr'><strong>implesset,</strong></span> <span class='ocrx_word' id='word_1_619' title='bbox 3444 4398 3501 4445; x_wconf 82' lang='lat' dir='ltr'><strong>et</strong></span> 
     </span>
    </p>
   </div>
   <div class='ocr_carea' id='block_1_92' title="bbox 1916 4479 3498 4550">
    <p class='ocr_par' dir='ltr' id='par_1_92' title="bbox 1916 4479 3498 4550">
     <span class='ocr_line' id='line_1_92' title="bbox 1916 4479 3498 4550; baseline 0.003 -19"><span class='ocrx_word' id='word_1_620' title='bbox 1916 4479 2030 4544; x_wconf 88' lang='lat' dir='ltr'><strong>jam</strong></span> <span class='ocrx_word' id='word_1_621' title='bbox 2064 4480 2130 4533; x_wconf 80' lang='lat' dir='ltr'><strong>ad</strong></span> <span class='ocrx_word' id='word_1_622' title='bbox 2155 4480 2535 4550; x_wconf 75' lang='lat' dir='ltr'><strong>imponendum</strong></span> <span class='ocrx_word' id='word_1_623' title='bbox 2572 4480 2638 4535; x_wconf 87' lang='lat' dir='ltr'><strong>iis</strong></span> <span class='ocrx_word' id='word_1_624' title='bbox 2664 4494 2959 4547; x_wconf 85' lang='lat' dir='ltr'><strong>summam,</strong></span> <span class='ocrx_word' id='word_1_625' title='bbox 3002 4496 3224 4538; x_wconf 85' lang='lat' dir='ltr'><strong>crucem</strong></span> <span class='ocrx_word' id='word_1_626' title='bbox 3267 4483 3498 4550; x_wconf 87' lang='lat' dir='ltr'><strong>scilicet,</strong></span> 
     </span>
    </p>
   </div>
   <div class='ocr_carea' id='block_1_93' title="bbox 1468 4739 2259 4804">
    <p class='ocr_par' dir='ltr' id='par_1_93' title="bbox 1468 4739 2259 4804">
     <span class='ocr_line' id='line_1_93' title="bbox 1468 4739 2259 4804; baseline 0.009 -8"><span class='ocrx_word' id='word_1_627' title='bbox 1468 4739 1789 4802; x_wconf 85' lang='lat' dir='ltr'><strong>Francisci</strong></span> <span class='ocrx_word' id='word_1_628' title='bbox 1828 4741 2032 4804; x_wconf 90' lang='lat' dir='ltr'><strong>Scorsi</strong></span> <span class='ocrx_word' id='word_1_629' title='bbox 2068 4748 2259 4803; x_wconf 77' lang='lat' dir='ltr'><strong>noue.</strong></span> 
     </span>
    </p>
   </div>
   <div class='ocr_carea' id='block_1_94' title="bbox 306 4862 3502 4942">
    <p class='ocr_par' dir='ltr' id='par_1_94' title="bbox 306 4862 3502 4942">
     <span class='ocr_line' id='line_1_94' title="bbox 306 4862 3502 4942; baseline 0.005 -25"><span class='ocrx_word' id='word_1_630' title='bbox 306 4862 421 4934; x_wconf 75' lang='lat' dir='ltr'>(8i)</span> <span class='ocrx_word' id='word_1_631' title='bbox 452 4862 711 4915; x_wconf 83' lang='lat' dir='ltr'><strong>Diadema</strong></span> <span class='ocrx_word' id='word_1_632' title='bbox 742 4863 1025 4942; x_wconf 63' lang='lat' dir='ltr'><strong>doctrinis,</strong></span> <span class='ocrx_word' id='word_1_633' title='bbox 1054 4863 1128 4917; x_wconf 81' lang='lat' dir='ltr'><strong>Ex</strong></span> <span class='ocrx_word' id='word_1_634' title='bbox 1161 4865 1264 4918; x_wconf 92' lang='lat' dir='ltr'><strong>hoc</strong></span> <span class='ocrx_word' id='word_1_635' title='bbox 1293 4862 1640 4942; x_wconf 70' lang='lat' dir='ltr'><strong>epilogoduo</strong></span> <span class='ocrx_word' id='word_1_636' title='bbox 1669 4866 1811 4942; x_wconf 84' lang='lat' dir='ltr'><strong>sumi</strong></span> <span class='ocrx_word' id='word_1_637' title='bbox 1848 4873 1890 4927; x_wconf 89' lang='lat' dir='ltr'>D</span> <span class='ocrx_word' id='word_1_638' title='bbox 1918 4870 2333 4942; x_wconf 66' lang='lat' dir='ltr'><strong>vero__tcnuisse</strong></span> <span class='ocrx_word' id='word_1_639' title='bbox 2378 4884 2472 4937; x_wconf 88' lang='lat' dir='ltr'><strong>per</strong></span> <span class='ocrx_word' id='word_1_640' title='bbox 2519 4870 2727 4940; x_wconf 87' lang='lat' dir='ltr'><strong>aliquot</strong></span> <span class='ocrx_word' id='word_1_641' title='bbox 2772 4886 2943 4926; x_wconf 88' lang='lat' dir='ltr'><strong>annos</strong></span> <span class='ocrx_word' id='word_1_642' title='bbox 2989 4889 3110 4927; x_wconf 86' lang='lat' dir='ltr'><strong>cum</strong></span> <span class='ocrx_word' id='word_1_643' title='bbox 3165 4875 3279 4942; x_wconf 87' lang='lat' dir='ltr'><strong>ipso</strong></span> <span class='ocrx_word' id='word_1_644' title='bbox 3321 4875 3502 4932; x_wconf 86' lang='lat' dir='ltr'><strong>Leone</strong></span> 
     </span>
    </p>
   </div>
   <div class='ocr_carea' id='block_1_95' title="bbox 240 4933 1811 5003">
    <p class='ocr_par' dir='ltr' id='par_1_95' title="bbox 240 4933 1811 5003">
     <span class='ocr_line' id='line_1_95' title="bbox 240 4933 1811 5003; baseline 0.001 -18"><span class='ocrx_word' id='word_1_645' title='bbox 240 4933 830 5003; x_wconf 12' lang='lat' dir='ltr'><strong>argutnentaﬂpossunt</strong></span> <span class='ocrx_word' id='word_1_646' title='bbox 878 4952 891 4986; x_wconf 89' lang='lat'>:</span> <span class='ocrx_word' id='word_1_647' title='bbox 944 4936 1176 5001; x_wconf 88' lang='lat' dir='ltr'><strong>primum</strong></span> <span class='ocrx_word' id='word_1_648' title='bbox 1221 4936 1363 5001; x_wconf 89' lang='lat' dir='ltr'><strong>quod</strong></span> <span class='ocrx_word' id='word_1_649' title='bbox 1409 4933 1560 4986; x_wconf 88' lang='lat' dir='ltr'><strong>initio</strong></span> <span class='ocrx_word' id='word_1_650' title='bbox 1602 4936 1811 4999; x_wconf 90' lang='lat' dir='ltr'><strong>monui,</strong></span> 
     </span>
    </p>
   </div>
   <div class='ocr_carea' id='block_1_96' title="bbox 244 5001 1813 5068">
    <p class='ocr_par' dir='ltr' id='par_1_96' title="bbox 244 5001 1813 5068">
     <span class='ocr_line' id='line_1_96' title="bbox 244 5001 1813 5068; baseline 0.001 -12"><span class='ocrx_word' id='word_1_651' title='bbox 244 5001 379 5056; x_wconf 77' lang='lat' dir='ltr'><strong>hanc</strong></span> <span class='ocrx_word' id='word_1_652' title='bbox 417 5001 694 5055; x_wconf 84' lang='lat' dir='ltr'><strong>Itontiliant</strong></span> <span class='ocrx_word' id='word_1_653' title='bbox 732 5003 966 5056; x_wconf 85' lang='lat' dir='ltr'><strong>habitam</strong></span> <span class='ocrx_word' id='word_1_654' title='bbox 1001 5002 1501 5068; x_wconf 85' lang='lat' dir='ltr'><strong>Constantinopoli;</strong></span> <span class='ocrx_word' id='word_1_655' title='bbox 1547 5012 1813 5068; x_wconf 48' lang='lat' dir='ltr'><strong>praesente</strong></span> 
     </span>
    </p>
   </div>
   <div class='ocr_carea' id='block_1_97' title="bbox 239 5071 1811 5141">
    <p class='ocr_par' dir='ltr' id='par_1_97' title="bbox 239 5071 1811 5141">
     <span class='ocr_line' id='line_1_97' title="bbox 239 5071 1811 5141; baseline 0.001 -14"><span class='ocrx_word' id='word_1_656' title='bbox 239 5076 379 5127; x_wconf 88' lang='lat' dir='ltr'><strong>enim</strong></span> <span class='ocrx_word' id='word_1_657' title='bbox 412 5071 762 5139; x_wconf 86' lang='lat' dir='ltr'><strong>imperatore,</strong></span> <span class='ocrx_word' id='word_1_658' title='bbox 796 5075 879 5125; x_wconf 90' lang='lat' dir='ltr'><strong>cui</strong></span> <span class='ocrx_word' id='word_1_659' title='bbox 913 5076 1047 5128; x_wconf 84' lang='lat' dir='ltr'><strong>bene</strong></span> <span class='ocrx_word' id='word_1_660' title='bbox 1075 5082 1348 5141; x_wconf 84' lang='lat' dir='ltr'><strong>precatur,</strong></span> <span class='ocrx_word' id='word_1_661' title='bbox 1376 5088 1536 5139; x_wconf 90' lang='lat' dir='ltr'><strong>quem</strong></span> <span class='ocrx_word' id='word_1_662' title='bbox 1571 5073 1752 5127; x_wconf 82' lang='lat' dir='ltr'><strong>laudat</strong></span> <span class='ocrx_word' id='word_1_663' title='bbox 1782 5090 1811 5128; x_wconf 87' lang='lat' dir='ltr'><strong>a</strong></span> 
     </span>
    </p>
   </div>
   <div class='ocr_carea' id='block_1_98' title="bbox 242 5143 1811 5209">
    <p class='ocr_par' dir='ltr' id='par_1_98' title="bbox 242 5143 1811 5209">
     <span class='ocr_line' id='line_1_98' title="bbox 242 5143 1811 5209; baseline 0 -12"><span class='ocrx_word' id='word_1_664' title='bbox 242 5158 453 5197; x_wconf 88' lang='lat' dir='ltr'><strong>morum</strong></span> <span class='ocrx_word' id='word_1_665' title='bbox 487 5143 778 5209; x_wconf 84' lang='lat' dir='ltr'><strong>probitate,</strong></span> <span class='ocrx_word' id='word_1_666' title='bbox 811 5158 840 5195; x_wconf 92' lang='lat' dir='ltr'><strong>a</strong></span> <span class='ocrx_word' id='word_1_667' title='bbox 884 5144 1151 5204; x_wconf 85' lang='lat' dir='ltr'><strong>doctrina,</strong></span> <span class='ocrx_word' id='word_1_668' title='bbox 1188 5143 1366 5195; x_wconf 86' lang='lat' dir='ltr'><strong>habita</strong></span> <span class='ocrx_word' id='word_1_669' title='bbox 1412 5156 1534 5196; x_wconf 88' lang='lat' dir='ltr'><strong>esse</strong></span> <span class='ocrx_word' id='word_1_670' title='bbox 1572 5144 1811 5209; x_wconf 89' lang='lat' dir='ltr'><strong>videtur,</strong></span> 
     </span>
    </p>
   </div>
   <div class='ocr_carea' id='block_1_99' title="bbox 243 5209 1813 5283">
    <p class='ocr_par' dir='ltr' id='par_1_99' title="bbox 243 5209 1813 5283">
     <span class='ocr_line' id='line_1_99' title="bbox 243 5209 1813 5283; baseline 0.001 -18"><span class='ocrx_word' id='word_1_671' title='bbox 243 5226 409 5283; x_wconf 79' lang='lat' dir='ltr'><strong>atque</strong></span> <span class='ocrx_word' id='word_1_672' title='bbox 451 5213 511 5283; x_wconf 90' lang='lat' dir='ltr'><strong>is</strong></span> <span class='ocrx_word' id='word_1_673' title='bbox 546 5209 1016 5283; x_wconf 81' lang='lat' dir='ltr'><strong>Constantinopoli</strong></span> <span class='ocrx_word' id='word_1_674' title='bbox 1065 5213 1354 5267; x_wconf 86' lang='lat' dir='ltr'><strong>residebat.</strong></span> <span class='ocrx_word' id='word_1_675' title='bbox 1388 5213 1630 5283; x_wconf 85' lang='lat' dir='ltr'><strong>Alterum</strong></span> <span class='ocrx_word' id='word_1_676' title='bbox 1678 5224 1813 5268; x_wconf 84' lang='lat' dir='ltr'><strong>tem—</strong></span> 
     </span>
    </p>
   </div>
   <div class='ocr_carea' id='block_1_100' title="bbox 241 5281 1811 5352">
    <p class='ocr_par' dir='ltr' id='par_1_100' title="bbox 241 5281 1811 5352">
     <span class='ocr_line' id='line_1_100' title="bbox 241 5281 1811 5352; baseline 0.001 -16"><span class='ocrx_word' id='word_1_677' title='bbox 241 5281 366 5351; x_wconf 81' lang='lat' dir='ltr'><strong>pore</strong></span> <span class='ocrx_word' id='word_1_678' title='bbox 392 5282 580 5336; x_wconf 87' lang='lat' dir='ltr'><strong>Basilii</strong></span> <span class='ocrx_word' id='word_1_679' title='bbox 606 5281 927 5352; x_wconf 75' lang='lat' dir='ltr'><strong>Macedonis,</strong></span> <span class='ocrx_word' id='word_1_680' title='bbox 952 5286 1043 5352; x_wconf 91' lang='lat' dir='ltr'><strong>qui</strong></span> <span class='ocrx_word' id='word_1_681' title='bbox 1072 5284 1319 5338; x_wconf 87' lang='lat' dir='ltr'><strong>conditor</strong></span> <span class='ocrx_word' id='word_1_682' title='bbox 1342 5282 1523 5351; x_wconf 89' lang='lat' dir='ltr'><strong>templi</strong></span> <span class='ocrx_word' id='word_1_683' title='bbox 1559 5284 1618 5337; x_wconf 76' lang='grc' dir='ltr'>ὃ.</span> <span class='ocrx_word' id='word_1_684' title='bbox 1646 5284 1811 5349; x_wconf 84' lang='lat' dir='ltr'><strong>Petri,</strong></span> 
     </span>
    </p>
   </div>
   <div class='ocr_carea' id='block_1_101' title="bbox 246 5351 1812 5421">
    <p class='ocr_par' dir='ltr' id='par_1_101' title="bbox 246 5351 1812 5421">
     <span class='ocr_line' id='line_1_101' title="bbox 246 5351 1812 5421; baseline 0.003 -16"><span class='ocrx_word' id='word_1_685' title='bbox 246 5363 297 5406; x_wconf 89' lang='lat' dir='ltr'><strong>ut</strong></span> <span class='ocrx_word' id='word_1_686' title='bbox 324 5352 545 5407; x_wconf 85' lang='lat' dir='ltr'><strong>ostendi</strong></span> <span class='ocrx_word' id='word_1_687' title='bbox 581 5354 743 5407; x_wconf 88' lang='lat' dir='ltr'><strong>etiam</strong></span> <span class='ocrx_word' id='word_1_688' title='bbox 780 5368 843 5405; x_wconf 80' lang='lat' dir='ltr'><strong>ex</strong></span> <span class='ocrx_word' id='word_1_689' title='bbox 876 5351 1085 5409; x_wconf 76' lang='lat' dir='ltr'><strong>Joanne</strong></span> <span class='ocrx_word' id='word_1_690' title='bbox 1118 5353 1476 5419; x_wconf 84' lang='lat' dir='ltr'><strong>Curopalata,</strong></span> <span class='ocrx_word' id='word_1_691' title='bbox 1509 5363 1563 5406; x_wconf 88' lang='lat' dir='ltr'><strong>et</strong></span> <span class='ocrx_word' id='word_1_692' title='bbox 1594 5354 1812 5421; x_wconf 84' lang='lat' dir='ltr'><strong>quidem</strong></span> 
     </span>
    </p>
   </div>
   <div class='ocr_carea' id='block_1_102' title="bbox 244 5421 1811 5492">
    <p class='ocr_par' dir='ltr' id='par_1_102' title="bbox 244 5421 1811 5492">
     <span class='ocr_line' id='line_1_102' title="bbox 244 5421 1811 5492; baseline 0.004 -19"><span class='ocrx_word' id='word_1_693' title='bbox 244 5439 339 5476; x_wconf 89' lang='lat' dir='ltr'><strong>una</strong></span> <span class='ocrx_word' id='word_1_694' title='bbox 376 5437 503 5477; x_wconf 88' lang='lat' dir='ltr'><strong>cum</strong></span> <span class='ocrx_word' id='word_1_695' title='bbox 542 5423 653 5475; x_wconf 80' lang='lat' dir='ltr'><strong>lilio</strong></span> <span class='ocrx_word' id='word_1_696' title='bbox 684 5421 861 5475; x_wconf 85' lang='lat' dir='ltr'><strong>Leone</strong></span> <span class='ocrx_word' id='word_1_697' title='bbox 900 5425 1285 5492; x_wconf 86' lang='lat' dir='ltr'><strong>qniSapientis</strong></span> <span class='ocrx_word' id='word_1_698' title='bbox 1325 5437 1620 5492; x_wconf 79' lang='lat' dir='ltr'><strong>cognomen</strong></span> <span class='ocrx_word' id='word_1_699' title='bbox 1666 5428 1811 5478; x_wconf 89' lang='lat' dir='ltr'><strong>obti-</strong></span> 
     </span>
    </p>
   </div>
   <div class='ocr_carea' id='block_1_103' title="bbox 244 5492 1815 5559">
    <p class='ocr_par' dir='ltr' id='par_1_103' title="bbox 244 5492 1815 5559">
     <span class='ocr_line' id='line_1_103' title="bbox 244 5492 1815 5559; baseline 0.003 -15"><span class='ocrx_word' id='word_1_700' title='bbox 244 5494 383 5556; x_wconf 89' lang='lat' dir='ltr'><strong>nuit,</strong></span> <span class='ocrx_word' id='word_1_701' title='bbox 430 5492 789 5559; x_wconf 76' lang='lat' dir='ltr'><strong>imperantis;</strong></span> <span class='ocrx_word' id='word_1_702' title='bbox 840 5493 961 5547; x_wconf 88' lang='lat' dir='ltr'><strong>lmic</strong></span> <span class='ocrx_word' id='word_1_703' title='bbox 1011 5498 1157 5547; x_wconf 90' lang='lat' dir='ltr'><strong>enim</strong></span> <span class='ocrx_word' id='word_1_704' title='bbox 1208 5494 1442 5547; x_wconf 77' lang='lat' dir='ltr'><strong>maxime</strong></span> <span class='ocrx_word' id='word_1_705' title='bbox 1488 5496 1815 5549; x_wconf 86' lang='lat' dir='ltr'><strong>conveniunt</strong></span> 
     </span>
    </p>
   </div>
   <div class='ocr_carea' id='block_1_104' title="bbox 243 5562 1814 5632">
    <p class='ocr_par' dir='ltr' id='par_1_104' title="bbox 243 5562 1814 5632">
     <span class='ocr_line' id='line_1_104' title="bbox 243 5562 1814 5632; baseline 0.003 -18"><span class='ocrx_word' id='word_1_706' title='bbox 243 5562 428 5616; x_wconf 85' lang='lat' dir='ltr'><strong>laudes</strong></span> <span class='ocrx_word' id='word_1_707' title='bbox 461 5563 726 5616; x_wconf 82' lang='lat' dir='ltr'><strong>doctrina:</strong></span> <span class='ocrx_word' id='word_1_708' title='bbox 770 5574 825 5616; x_wconf 84' lang='lat' dir='ltr'><strong>et</strong></span> <span class='ocrx_word' id='word_1_709' title='bbox 862 5565 1209 5632; x_wconf 69' lang='lat' dir='ltr'><strong>eloqttentize.</strong></span> <span class='ocrx_word' id='word_1_710' title='bbox 1243 5562 1367 5616; x_wconf 84' lang='lat' dir='ltr'><strong>Fuit</strong></span> <span class='ocrx_word' id='word_1_711' title='bbox 1400 5564 1542 5616; x_wconf 90' lang='lat' dir='ltr'><strong>enim</strong></span> <span class='ocrx_word' id='word_1_712' title='bbox 1582 5563 1721 5628; x_wconf 80' lang='lat' dir='ltr'><strong>juris</strong></span> <span class='ocrx_word' id='word_1_713' title='bbox 1759 5576 1814 5619; x_wconf 91' lang='lat' dir='ltr'><strong>et</strong></span> 
     </span>
    </p>
   </div>
   <div class='ocr_carea' id='block_1_105' title="bbox 245 5633 1813 5702">
    <p class='ocr_par' dir='ltr' id='par_1_105' title="bbox 245 5633 1813 5702">
     <span class='ocr_line' id='line_1_105' title="bbox 245 5633 1813 5702; baseline 0.004 -19"><span class='ocrx_word' id='word_1_714' title='bbox 245 5635 404 5687; x_wconf 88' lang='lat' dir='ltr'><strong>totius</strong></span> <span class='ocrx_word' id='word_1_715' title='bbox 422 5633 780 5702; x_wconf 71' lang='lat' dir='ltr'><strong>philosophia:</strong></span> <span class='ocrx_word' id='word_1_716' title='bbox 792 5636 1205 5699; x_wconf 78' lang='lat' dir='ltr'><strong>scientissinms,</strong></span> <span class='ocrx_word' id='word_1_717' title='bbox 1232 5633 1374 5701; x_wconf 83' lang='lat' dir='ltr'><strong>quod</strong></span> <span class='ocrx_word' id='word_1_718' title='bbox 1410 5642 1671 5688; x_wconf 79' lang='lat' dir='ltr'><strong>testantur</strong></span> <span class='ocrx_word' id='word_1_719' title='bbox 1697 5636 1813 5700; x_wconf 85' lang='lat' dir='ltr'><strong>ejus</strong></span> 
     </span>
    </p>
   </div>
   <div class='ocr_carea' id='block_1_106' title="bbox 242 5702 1815 5772">
    <p class='ocr_par' dir='ltr' id='par_1_106' title="bbox 242 5702 1815 5772">
     <span class='ocr_line' id='line_1_106' title="bbox 242 5702 1815 5772; baseline 0.003 -18"><span class='ocrx_word' id='word_1_720' title='bbox 242 5718 418 5772; x_wconf 77' lang='lat' dir='ltr'><strong>opera,</strong></span> <span class='ocrx_word' id='word_1_721' title='bbox 462 5718 584 5770; x_wconf 84' lang='lat' dir='ltr'><strong>qu:e</strong></span> <span class='ocrx_word' id='word_1_722' title='bbox 618 5715 893 5757; x_wconf 82' lang='lat' dir='ltr'><strong>numerata</strong></span> <span class='ocrx_word' id='word_1_723' title='bbox 943 5706 1086 5771; x_wconf 75' lang='lat' dir='ltr'><strong>leges</strong></span> <span class='ocrx_word' id='word_1_724' title='bbox 1135 5710 1274 5772; x_wconf 83' lang='lat' dir='ltr'><strong>apud</strong></span> <span class='ocrx_word' id='word_1_725' title='bbox 1320 5702 1698 5756; x_wconf 78' lang='lat' dir='ltr'><strong>Leonclavinin</strong></span> <span class='ocrx_word' id='word_1_726' title='bbox 1748 5708 1815 5759; x_wconf 90' lang='lat' dir='ltr'><strong>dc</strong></span> 
     </span>
    </p>
   </div>
   <div class='ocr_carea' id='block_1_107' title="bbox 241 5770 1812 5844">
    <p class='ocr_par' dir='ltr' id='par_1_107' title="bbox 241 5770 1812 5844">
     <span class='ocr_line' id='line_1_107' title="bbox 241 5770 1812 5844; baseline 0.004 -23"><span class='ocrx_word' id='word_1_727' title='bbox 241 5773 351 5844; x_wconf 67' lang='lat' dir='ltr'><strong>iure</strong></span> <span class='ocrx_word' id='word_1_728' title='bbox 381 5770 578 5827; x_wconf 61' lang='lat' dir='ltr'><strong>Cra-co</strong></span> <span class='ocrx_word' id='word_1_729' title='bbox 609 5774 765 5825; x_wconf 67' lang='lat' dir='ltr'><strong>lium.</strong></span> <span class='ocrx_word' id='word_1_730' title='bbox 802 5776 851 5826; x_wconf 90' lang='lat' dir='ltr'><strong>in</strong></span> <span class='ocrx_word' id='word_1_731' title='bbox 887 5770 1212 5844; x_wconf 67' lang='lat' dir='ltr'><strong>Clu-.onolog.</strong></span> <span class='ocrx_word' id='word_1_732' title='bbox 1252 5774 1528 5844; x_wconf 63' lang='lat' dir='ltr'><strong>pnetnissa</strong></span> <span class='ocrx_word' id='word_1_733' title='bbox 1560 5776 1708 5837; x_wconf 87' lang='lat' dir='ltr'><strong>operi</strong></span> <span class='ocrx_word' id='word_1_734' title='bbox 1743 5791 1812 5828; x_wconf 79' lang='lat' dir='ltr'><strong>ex</strong></span> 
     </span>
    </p>
   </div>
   <div class='ocr_carea' id='block_1_108' title="bbox 245 5843 1812 5917">
    <p class='ocr_par' dir='ltr' id='par_1_108' title="bbox 245 5843 1812 5917">
     <span class='ocr_line' id='line_1_108' title="bbox 245 5843 1812 5917; baseline 0.002 -22"><span class='ocrx_word' id='word_1_735' title='bbox 245 5843 561 5914; x_wconf 73' lang='lat' dir='ltr'><strong>llarquedo;</strong></span> <span class='ocrx_word' id='word_1_736' title='bbox 614 5853 668 5896; x_wconf 82' lang='lat' dir='ltr'><strong>et</strong></span> <span class='ocrx_word' id='word_1_737' title='bbox 711 5846 847 5910; x_wconf 73' lang='lat' dir='ltr'><strong>apud</strong></span> <span class='ocrx_word' id='word_1_738' title='bbox 888 5844 1180 5899; x_wconf 74' lang='lat' dir='ltr'><strong>Baronium</strong></span> <span class='ocrx_word' id='word_1_739' title='bbox 1232 5856 1286 5917; x_wconf 86' lang='lat' dir='ltr'><strong>et</strong></span> <span class='ocrx_word' id='word_1_740' title='bbox 1331 5843 1487 5899; x_wconf 83' lang='lat' dir='ltr'><strong>alios.</strong></span> <span class='ocrx_word' id='word_1_741' title='bbox 1522 5844 1812 5915; x_wconf 81' lang='lat' dir='ltr'><strong>Imperium</strong></span> 
     </span>
    </p>
   </div>
   <div class='ocr_carea' id='block_1_109' title="bbox 562 5935 1332 5999">
    <p class='ocr_par' dir='ltr' id='par_1_109' title="bbox 562 5935 1332 5999">
     <span class='ocr_line' id='line_1_109' title="bbox 562 5935 1332 5999; baseline 0.004 -5"><span class='ocrx_word' id='word_1_742' title='bbox 562 5935 839 5997; x_wconf 62' lang='lat' dir='ltr'><strong>Fusci.</strong></span> <span class='ocrx_word' id='word_1_743' title='bbox 882 5942 995 5998; x_wconf 64' lang='lat' dir='ltr'><strong>tiu.</strong></span> <span class='ocrx_word' id='word_1_744' title='bbox 1043 5937 1332 5999; x_wconf 72' lang='lat' dir='ltr'><strong>CXXXII.</strong></span> 
     </span>
    </p>
   </div>
   <div class='ocr_carea' id='block_1_110' title="bbox 1919 4937 3502 5017">
    <p class='ocr_par' dir='ltr' id='par_1_110' title="bbox 1919 4937 3502 5017">
     <span class='ocr_line' id='line_1_110' title="bbox 1919 4937 3502 5017; baseline 0.008 -27"><span class='ocrx_word' id='word_1_745' title='bbox 1919 4937 2201 5017; x_wconf 76' lang='lat' dir='ltr'><strong>Basilintn,</strong></span> <span class='ocrx_word' id='word_1_746' title='bbox 2240 4940 2330 5017; x_wconf 75' lang='lat' dir='ltr'><strong>qui</strong></span> <span class='ocrx_word' id='word_1_747' title='bbox 2377 4955 2501 5017; x_wconf 82' lang='lat' dir='ltr'><strong>eum</strong></span> <span class='ocrx_word' id='word_1_748' title='bbox 2548 4937 2866 5017; x_wconf 65' lang='lat' dir='ltr'><strong>coronatum</strong></span> <span class='ocrx_word' id='word_1_749' title='bbox 2912 4942 3077 5017; x_wconf 76' lang='lat' dir='ltr'><strong>voluit</strong></span> <span class='ocrx_word' id='word_1_750' title='bbox 3121 4960 3151 4998; x_wconf 89' lang='lat' dir='ltr'><strong>a</strong></span> <span class='ocrx_word' id='word_1_751' title='bbox 3185 4937 3258 5000; x_wconf 42' lang='lat' dir='ltr'><strong>&#39;S.</strong></span> <span class='ocrx_word' id='word_1_752' title='bbox 3294 4947 3502 5017; x_wconf 72' lang='lat' dir='ltr'><strong>Ignotio</strong></span> 
     </span>
    </p>
   </div>
   <div class='ocr_carea' id='block_1_111' title="bbox 1917 5010 3501 5079">
    <p class='ocr_par' dir='ltr' id='par_1_111' title="bbox 1917 5010 3501 5079">
     <span class='ocr_line' id='line_1_111' title="bbox 1917 5010 3501 5079; baseline 0.008 -20"><span class='ocrx_word' id='word_1_753' title='bbox 1917 5010 2223 5074; x_wconf 76' lang='lat' dir='ltr'><strong>patriarcha</strong></span> <span class='ocrx_word' id='word_1_754' title='bbox 2260 5010 2313 5061; x_wconf 93' lang='lat' dir='ltr'><strong>in</strong></span> <span class='ocrx_word' id='word_1_755' title='bbox 2350 5013 2530 5079; x_wconf 77' lang='lat' dir='ltr'><strong>sedem</strong></span> <span class='ocrx_word' id='word_1_756' title='bbox 2567 5010 3216 5079; x_wconf 83' lang='lat' dir='ltr'><strong>Constantinopolitanam</strong></span> <span class='ocrx_word' id='word_1_757' title='bbox 3252 5010 3501 5072; x_wconf 76' lang='lat' dir='ltr'><strong>restituto</strong></span> 
     </span>
    </p>
   </div>
   <div class='ocr_carea' id='block_1_112' title="bbox 1916 5078 3499 5152">
    <p class='ocr_par' dir='ltr' id='par_1_112' title="bbox 1916 5078 3499 5152">
     <span class='ocr_line' id='line_1_112' title="bbox 1916 5078 3499 5152; baseline 0.008 -23"><span class='ocrx_word' id='word_1_758' title='bbox 1916 5094 2077 5152; x_wconf 78' lang='lat' dir='ltr'><strong>armo</strong></span> <span class='ocrx_word' id='word_1_759' title='bbox 2097 5079 2295 5152; x_wconf 70' lang='lat' dir='ltr'><strong>Christi</strong></span> <span class='ocrx_word' id='word_1_760' title='bbox 2324 5078 2428 5152; x_wconf 57' lang='lat'><strong>8&#39;10</strong></span> <span class='ocrx_word' id='word_1_761' title='bbox 2459 5078 3086 5152; x_wconf 15' lang='lat' dir='ltr'><strong>Theophanimrsolcmni</strong></span> <span class='ocrx_word' id='word_1_762' title='bbox 3118 5084 3203 5137; x_wconf 88' lang='lat' dir='ltr'><strong>die</strong></span> <span class='ocrx_word' id='word_1_763' title='bbox 3245 5096 3499 5152; x_wconf 74' lang='lat' dir='ltr'><strong>testatur,</strong></span> 
     </span>
    </p>
   </div>
   <div class='ocr_carea' id='block_1_113' title="bbox 1916 5147 3493 5217">
    <p class='ocr_par' dir='ltr' id='par_1_113' title="bbox 1916 5147 3493 5217">
     <span class='ocr_line' id='line_1_113' title="bbox 1916 5147 3493 5217; baseline 0.009 -19"><span class='ocrx_word' id='word_1_764' title='bbox 1916 5150 2006 5217; x_wconf 90' lang='lat' dir='ltr'><strong>qui</strong></span> <span class='ocrx_word' id='word_1_765' title='bbox 2067 5147 2309 5203; x_wconf 74' lang='lat' dir='ltr'><strong>interfuit</strong></span> <span class='ocrx_word' id='word_1_766' title='bbox 2357 5147 2679 5204; x_wconf 84' lang='lat' dir='ltr'><strong>Anastasius</strong></span> <span class='ocrx_word' id='word_1_767' title='bbox 2720 5149 2969 5205; x_wconf 86' lang='lat' dir='ltr'><strong>Biblioth.</strong></span> <span class='ocrx_word' id='word_1_768' title='bbox 3002 5159 3055 5205; x_wconf 85' lang='lat' dir='ltr'><strong>et</strong></span> <span class='ocrx_word' id='word_1_769' title='bbox 3089 5167 3154 5207; x_wconf 81' lang='lat' dir='ltr'><strong>ex</strong></span> <span class='ocrx_word' id='word_1_770' title='bbox 3192 5168 3257 5207; x_wconf 90' lang='lat' dir='ltr'><strong>eo</strong></span> <span class='ocrx_word' id='word_1_771' title='bbox 3295 5147 3493 5212; x_wconf 70' lang='lat' dir='ltr'><strong>Baron.</strong></span> 
     </span>
    </p>
   </div>
   <div class='ocr_carea' id='block_1_114' title="bbox 1919 5218 3422 5295">
    <p class='ocr_par' dir='ltr' id='par_1_114' title="bbox 1919 5218 3422 5295">
     <span class='ocr_line' id='line_1_114' title="bbox 1919 5218 3422 5295; baseline 0.006 -23"><span class='ocrx_word' id='word_1_772' title='bbox 1919 5219 2107 5295; x_wconf 63' lang='lat' dir='ltr'><strong>eodem</strong></span> <span class='ocrx_word' id='word_1_773' title='bbox 2137 5218 2431 5295; x_wconf 47' lang='lat' dir='ltr'><strong>annOLSed</strong></span> <span class='ocrx_word' id='word_1_774' title='bbox 2462 5221 2526 5295; x_wconf 82' lang='lat' dir='ltr'><strong>de</strong></span> <span class='ocrx_word' id='word_1_775' title='bbox 2557 5220 2642 5295; x_wconf 68' lang='lat' dir='ltr'><strong>his</strong></span> <span class='ocrx_word' id='word_1_776' title='bbox 2668 5220 2820 5295; x_wconf 81' lang='lat' dir='ltr'><strong>plura</strong></span> <span class='ocrx_word' id='word_1_777' title='bbox 2852 5222 2904 5274; x_wconf 88' lang='lat' dir='ltr'><strong>in</strong></span> <span class='ocrx_word' id='word_1_778' title='bbox 2934 5221 3170 5295; x_wconf 58' lang='lat' dir='ltr'><strong>Proem.</strong></span> <span class='ocrx_word' id='word_1_779' title='bbox 3197 5225 3335 5295; x_wconf 77' lang='lat' dir='ltr'><strong>lsag.</strong></span> <span class='ocrx_word' id='word_1_780' title='bbox 3363 5242 3422 5283; x_wconf 88' lang='grc' dir='ltr'><strong>ιι.</strong></span> 
     </span>
    </p>
   </div>
   <div class='ocr_carea' id='block_1_115' title="bbox 1996 5286 3501 5357">
    <p class='ocr_par' dir='ltr' id='par_1_115' title="bbox 1996 5286 3501 5357">
     <span class='ocr_line' id='line_1_115' title="bbox 1996 5286 3501 5357; baseline 0.007 -15"><span class='ocrx_word' id='word_1_781' title='bbox 1996 5287 2109 5356; x_wconf 70' lang='grc'>(82)</span> <span class='ocrx_word' id='word_1_782' title='bbox 2163 5286 2219 5342; x_wconf 84' lang='lat' dir='ltr'><strong>S.</strong></span> <span class='ocrx_word' id='word_1_783' title='bbox 2270 5288 2537 5356; x_wconf 81' lang='lat' dir='ltr'><strong>Procopii.</strong></span> <span class='ocrx_word' id='word_1_784' title='bbox 2586 5286 2715 5357; x_wconf 84' lang='lat' dir='ltr'><strong>Ejus</strong></span> <span class='ocrx_word' id='word_1_785' title='bbox 2772 5290 2914 5344; x_wconf 88' lang='lat' dir='ltr'><strong>idem</strong></span> <span class='ocrx_word' id='word_1_786' title='bbox 2967 5290 3163 5347; x_wconf 81' lang='lat' dir='ltr'><strong>festum</strong></span> <span class='ocrx_word' id='word_1_787' title='bbox 3219 5286 3501 5352; x_wconf 70' lang='lat' dir='ltr'><strong>celebrant</strong></span> 
     </span>
    </p>
   </div>
   <div class='ocr_carea' id='block_1_116' title="bbox 1924 5357 3500 5428">
    <p class='ocr_par' dir='ltr' id='par_1_116' title="bbox 1924 5357 3500 5428">
     <span class='ocr_line' id='line_1_116' title="bbox 1924 5357 3500 5428; baseline 0.006 -15"><span class='ocrx_word' id='word_1_788' title='bbox 1924 5357 2100 5413; x_wconf 59' lang='lat' dir='ltr'><strong>Graeci</strong></span> <span class='ocrx_word' id='word_1_789' title='bbox 2131 5374 2222 5411; x_wconf 88' lang='lat' dir='ltr'><strong>vnt</strong></span> <span class='ocrx_word' id='word_1_790' title='bbox 2259 5358 2386 5413; x_wconf 89' lang='lat' dir='ltr'><strong>ldus</strong></span> <span class='ocrx_word' id='word_1_791' title='bbox 2413 5359 2554 5423; x_wconf 84' lang='lat' dir='ltr'><strong>Jul.;</strong></span> <span class='ocrx_word' id='word_1_792' title='bbox 2589 5369 2751 5428; x_wconf 86' lang='lat' dir='ltr'><strong>atque</strong></span> <span class='ocrx_word' id='word_1_793' title='bbox 2780 5375 2847 5413; x_wconf 83' lang='lat' dir='ltr'><strong>ex</strong></span> <span class='ocrx_word' id='word_1_794' title='bbox 2876 5361 3293 5419; x_wconf 88' lang='lat' dir='ltr'><strong>solemnioribus</strong></span> <span class='ocrx_word' id='word_1_795' title='bbox 3326 5365 3500 5423; x_wconf 83' lang='lat' dir='ltr'><strong>fuisse</strong></span> 
     </span>
    </p>
   </div>
   <div class='ocr_carea' id='block_1_117' title="bbox 1924 5430 3497 5517">
    <p class='ocr_par' dir='ltr' id='par_1_117' title="bbox 1924 5430 3497 5517">
     <span class='ocr_line' id='line_1_117' title="bbox 1924 5430 3497 5517; baseline 0.008 -37"><span class='ocrx_word' id='word_1_796' title='bbox 1924 5430 2647 5517; x_wconf 55' lang='lat' dir='ltr'><strong>quiquenobservaruntur,</strong></span> <span class='ocrx_word' id='word_1_797' title='bbox 2686 5430 2970 5517; x_wconf 46' lang='lat' dir='ltr'><strong>&#39;cplligitpr</strong></span> <span class='ocrx_word' id='word_1_798' title='bbox 3023 5448 3091 5517; x_wconf 30' lang='grc' dir='ltr'><strong>εει</strong></span> <span class='ocrx_word' id='word_1_799' title='bbox 3150 5432 3387 5517; x_wconf 73' lang='lat' dir='ltr'><strong>Balsam.</strong></span> <span class='ocrx_word' id='word_1_800' title='bbox 3443 5440 3497 5493; x_wconf 91' lang='lat' dir='ltr'><strong>in</strong></span> 
     </span>
    </p>
   </div>
   <div class='ocr_carea' id='block_1_118' title="bbox 1924 5496 3499 5576">
    <p class='ocr_par' dir='ltr' id='par_1_118' title="bbox 1924 5496 3499 5576">
     <span class='ocr_line' id='line_1_118' title="bbox 1924 5496 3499 5576; baseline 0.006 -27"><span class='ocrx_word' id='word_1_801' title='bbox 1924 5496 2099 5553; x_wconf 84' lang='lat' dir='ltr'><strong>Pltotii</strong></span> <span class='ocrx_word' id='word_1_802' title='bbox 2129 5496 2354 5576; x_wconf 50' lang='lat' dir='ltr'><strong>yomoc.</strong></span> <span class='ocrx_word' id='word_1_803' title='bbox 2390 5502 2472 5552; x_wconf 90' lang='lat' dir='ltr'><strong>tit.</strong></span> <span class='ocrx_word' id='word_1_804' title='bbox 2510 5513 2579 5576; x_wconf 77' lang='lat' dir='ltr'><strong>vn</strong></span> <span class='ocrx_word' id='word_1_805' title='bbox 2623 5500 2748 5576; x_wconf 59' lang='lat' dir='ltr'><strong>:_:H</strong></span> <span class='ocrx_word' id='word_1_806' title='bbox 2786 5496 2858 5569; x_wconf 53' lang='grc' dir='ltr'>ην,</span> <span class='ocrx_word' id='word_1_807' title='bbox 2892 5502 2978 5576; x_wconf 69' lang='grc' dir='ltr'><strong>ὅτι</strong></span> <span class='ocrx_word' id='word_1_808' title='bbox 3013 5504 3103 5554; x_wconf 75' lang='grc' dir='ltr'>τὸν</span> <span class='ocrx_word' id='word_1_809' title='bbox 3139 5505 3499 5576; x_wconf 15' lang='grc' dir='ltr'>μεγαλομίὰρο</span> 
     </span>
    </p>
   </div>
   <div class='ocr_carea' id='block_1_119' title="bbox 1921 5568 3497 5642">
    <p class='ocr_par' dir='ltr' id='par_1_119' title="bbox 1921 5568 3497 5642">
     <span class='ocr_line' id='line_1_119' title="bbox 1921 5568 3497 5642; baseline 0.007 -22"><span class='ocrx_word' id='word_1_810' title='bbox 1921 5585 2063 5642; x_wconf 75' lang='grc' dir='ltr'>τυρα</span> <span class='ocrx_word' id='word_1_811' title='bbox 2129 5570 2452 5642; x_wconf 80' lang='grc' dir='ltr'>Προκόπιον</span> <span class='ocrx_word' id='word_1_812' title='bbox 2506 5568 2861 5637; x_wconf 74' lang='grc' dir='ltr'>ἑορτάζομεν.</span> <span class='ocrx_word' id='word_1_813' title='bbox 2916 5568 3287 5629; x_wconf 37' lang='lat' dir='ltr'><strong>Octava—dies</strong></span> <span class='ocrx_word' id='word_1_814' title='bbox 3350 5568 3497 5642; x_wconf 63' lang='grc' dir='ltr'>ζιυίιι</span> 
     </span>
    </p>
   </div>
   <div class='ocr_carea' id='block_1_120' title="bbox 1922 5637 3498 5712">
    <p class='ocr_par' dir='ltr' id='par_1_120' title="bbox 1922 5637 3498 5712">
     <span class='ocr_line' id='line_1_120' title="bbox 1922 5637 3498 5712; baseline 0.005 -21"><span class='ocrx_word' id='word_1_815' title='bbox 1922 5637 2117 5712; x_wconf 61' lang='lat' dir='ltr'><strong>feriata</strong></span> <span class='ocrx_word' id='word_1_816' title='bbox 2144 5639 2248 5709; x_wconf 88' lang='lat' dir='ltr'><strong>est)</strong></span> <span class='ocrx_word' id='word_1_817' title='bbox 2272 5639 2412 5709; x_wconf 86' lang='lat' dir='ltr'><strong>quod</strong></span> <span class='ocrx_word' id='word_1_818' title='bbox 2438 5640 2493 5692; x_wconf 84' lang='lat' dir='ltr'><strong>in</strong></span> <span class='ocrx_word' id='word_1_819' title='bbox 2519 5656 2581 5693; x_wconf 85' lang='lat' dir='ltr'><strong>ea</strong></span> <span class='ocrx_word' id='word_1_820' title='bbox 2604 5655 2849 5709; x_wconf 80' lang='lat' dir='ltr'><strong>magnum</strong></span> <span class='ocrx_word' id='word_1_821' title='bbox 2875 5652 3155 5712; x_wconf 67' lang='lat' dir='ltr'><strong>martyrem</strong></span> <span class='ocrx_word' id='word_1_822' title='bbox 3182 5637 3498 5712; x_wconf 63' lang='lat' dir='ltr'><strong>Procopmm</strong></span> 
     </span>
    </p>
   </div>
   <div class='ocr_carea' id='block_1_121' title="bbox 1923 5708 3494 5768">
    <p class='ocr_par' dir='ltr' id='par_1_121' title="bbox 1923 5708 3494 5768">
     <span class='ocr_line' id='line_1_121' title="bbox 1923 5708 3494 5768; baseline 0.005 -9"><span class='ocrx_word' id='word_1_823' title='bbox 1923 5708 2379 5761; x_wconf 57' lang='lat' dir='ltr'><strong>celebramuLUe</strong></span> <span class='ocrx_word' id='word_1_824' title='bbox 2429 5724 2493 5763; x_wconf 89' lang='lat' dir='ltr'><strong>eo</strong></span> <span class='ocrx_word' id='word_1_825' title='bbox 2542 5714 2661 5763; x_wconf 74' lang='lat' dir='ltr'><strong>nde</strong></span> <span class='ocrx_word' id='word_1_826' title='bbox 2696 5708 2869 5763; x_wconf 74' lang='lat' dir='ltr'><strong>etiam</strong></span> <span class='ocrx_word' id='word_1_827' title='bbox 2918 5708 3059 5765; x_wconf 82' lang='lat' dir='ltr'><strong>Men.</strong></span> <span class='ocrx_word' id='word_1_828' title='bbox 3104 5722 3159 5766; x_wconf 89' lang='lat' dir='ltr'><strong>ct</strong></span> <span class='ocrx_word' id='word_1_829' title='bbox 3207 5708 3402 5767; x_wconf 69' lang='lat' dir='ltr'><strong>Bai-on.</strong></span> <span class='ocrx_word' id='word_1_830' title='bbox 3443 5720 3494 5768; x_wconf 87' lang='lat' dir='ltr'><strong>in</strong></span> 
     </span>
    </p>
   </div>
   <div class='ocr_carea' id='block_1_122' title="bbox 1926 5777 3497 5851">
    <p class='ocr_par' dir='ltr' id='par_1_122' title="bbox 1926 5777 3497 5851">
     <span class='ocr_line' id='line_1_122' title="bbox 1926 5777 3497 5851; baseline 0.006 -22"><span class='ocrx_word' id='word_1_831' title='bbox 1926 5777 2080 5851; x_wconf 63' lang='lat' dir='ltr'><strong>Notis</strong></span> <span class='ocrx_word' id='word_1_832' title='bbox 2109 5781 2173 5832; x_wconf 86' lang='lat' dir='ltr'><strong>ad</strong></span> <span class='ocrx_word' id='word_1_833' title='bbox 2206 5778 2491 5851; x_wconf 75' lang='lat' dir='ltr'><strong>Martyrol.</strong></span> <span class='ocrx_word' id='word_1_834' title='bbox 2518 5790 2572 5833; x_wconf 89' lang='lat' dir='ltr'><strong>ct</strong></span> <span class='ocrx_word' id='word_1_835' title='bbox 2600 5779 2718 5848; x_wconf 72' lang='lat' dir='ltr'><strong>ejus</strong></span> <span class='ocrx_word' id='word_1_836' title='bbox 2756 5782 3056 5851; x_wconf 82' lang='lat' dir='ltr'><strong>certamina</strong></span> <span class='ocrx_word' id='word_1_837' title='bbox 3099 5786 3238 5851; x_wconf 87' lang='lat' dir='ltr'><strong>apud</strong></span> <span class='ocrx_word' id='word_1_838' title='bbox 3280 5782 3497 5839; x_wconf 86' lang='lat' dir='ltr'><strong>Suritnn</strong></span> 
     </span>
    </p>
   </div>
   <div class='ocr_carea' id='block_1_123' title="bbox 1926 5847 3173 5918">
    <p class='ocr_par' dir='ltr' id='par_1_123' title="bbox 1926 5847 3173 5918">
     <span class='ocr_line' id='line_1_123' title="bbox 1926 5847 3173 5918; baseline 0.005 -20"><span class='ocrx_word' id='word_1_839' title='bbox 1926 5864 1987 5900; x_wconf 75' lang='lat' dir='ltr'><strong>ex</strong></span> <span class='ocrx_word' id='word_1_840' title='bbox 2022 5847 2389 5918; x_wconf 75' lang='lat' dir='ltr'><strong>Met-.ipln&#39;aste</strong></span> <span class='ocrx_word' id='word_1_841' title='bbox 2422 5850 2585 5906; x_wconf 84' lang='lat' dir='ltr'><strong>relata</strong></span> <span class='ocrx_word' id='word_1_842' title='bbox 2620 5847 2747 5905; x_wconf 85' lang='lat' dir='ltr'><strong>tum.</strong></span> <span class='ocrx_word' id='word_1_843' title='bbox 2780 5848 2868 5916; x_wconf 82' lang='lat' dir='ltr'><strong>IV,</strong></span> <span class='ocrx_word' id='word_1_844' title='bbox 2901 5853 3039 5906; x_wconf 80' lang='lat' dir='ltr'><strong>dicta</strong></span> <span class='ocrx_word' id='word_1_845' title='bbox 3070 5847 3173 5904; x_wconf 73' lang='lat' dir='ltr'><strong>die.</strong></span> 
     </span>
    </p>
   </div>
   <div class='ocr_carea' id='block_1_124' title="bbox 3067 5939 3135 6003">
    <p class='ocr_par' dir='ltr' id='par_1_124' title="bbox 3067 5939 3135 6003">
     <span class='ocr_line' id='line_1_124' title="bbox 3067 5939 3135 6003; baseline 0 -2"><span class='ocrx_word' id='word_1_846' title='bbox 3067 5939 3135 6003; x_wconf 84' lang='lat'><strong>31</strong></span> 
     </span>
    </p>
   </div>
  </div>
