4168 6456
682 408 790 476 975

1859 394 2353 456 THEOPHANiS
2393 395 2726 452 CERAMEI
2757 444 2760 447 .

3828 397 3931 457 9’16

683 519 802 572 illos
830 514 1032 586 optimc
1065 513 1368 578 imbuissct,
1402 511 1657 579 deinceps
1715 525 1778 565 ea
1828 511 2074 581 przedicit
2137 524 2256 578 qure

2370 507 2580 572 ιὺτοὺς,
2609 505 2996 575 προαναφωνεί
3021 503 3228 569 λοιπὸν,
3265 500 3358 560 καί
3403 506 3469 560 τὰ
3509 506 3773 577 μέλλοντα
3807 509 3930 560 τού-

683 610 749 664 ab
777 606 956 679 impii;-
980 607 1289 661 hominibus
1319 614 1504 660 essent
1543 604 1648 658 illis
1706 615 1987 658 eventura.
2033 601 2254 656 Interim

684 716 837 767 vero,
892 709 949 754 ut
997 714 1093 754 eos
1155 697 1441 764 charitate,
1480 711 1603 766 qua:
1657 697 1891 751 virtutes
1942 692 2256 765 perﬁciendi

684 793 795 846 vim
831 791 1016 854 habet,
1038 788 1230 844 reddat
1253 788 1393 842 inter
1417 802 1476 842 se
1500 786 2018 856 coniunctissimos:
2055 803 2072 838 ι
2110 787 2254 848 Hice,

689 883 884 952 inquit,
925 880 1120 935 mando
1149 879 1306 934 vobis
1337 879 1655 950 utdiligatis
1685 879 1937 933 invicem.
2002 896 2021 929 ι
2089 877 2255 930 Ευηι-

690 976 810 1028 deni
845 988 1154 1028 sermonem
1187 971 1481 1026 identidem
1513 971 1694 1036 iterat,
1743 985 1848 1025 non
1904 969 2152 1025 molestia
2201 978 2261 1025 ut

652 1052 654 1054 ’
691 1064 812 1118 illos
831 1063 1045 1128 alliciat,
1079 1063 1173 1118 sed
1205 1063 1284 1117 uti
1315 1063 1531 1116 assidua
1561 1063 1982 1118 commonitioue
2011 1077 2104 1118 eos
2135 1077 2262 1116 con-

693 1153 871 1209 ﬁrmet
914 1152 1105 1224 magis,
1151 1162 1203 1206 et
1247 1151 1533 1206 charitatis
1575 1152 1814 1214 vinculo,
1852 1151 1994 1221 quod
2037 1151 2260 1205 unieiidi

693 1245 802 1297 vim
835 1242 1018 1309 habet,
1065 1244 1117 1298 in
1167 1258 1333 1298 unum
1388 1243 1676 1311 astringat.
1734 1241 1868 1297 Illud
1929 1257 2059 1298 vero
2116 1242 2265 1312 quis-

2358 616 2472 661 τοις
2505 596 2826 666 συμϐαίνειν
2867 595 2972 649 ὑπὸ
3023 596 3134 650 τῶν
3200 597 3492 667 θεομιᾰῶν.
3535 598 3688 660 Τέως
3723 615 3786 666 γε
3827 599 3932 670 μὴν

2358 692 2422 758 τῇ
2451 691 2768 759 τελειωτικῇ
2799 689 2908 743 τῶν
2941 690 3151 758 ἀρετῶν
3179 691 3372 761 ἀγάπῃ
3419 691 3682 743 ἑνοποιῶν
3712 692 3932 758 αὐτοὺς,

2359 780 2535 834 ταῦτά
2567 798 2752 850 φησιν,
2787 799 2804 831 ι
2851 779 3204 849 Ἐντέλλομαι
3239 781 3387 849 ὑμῖν,
3418 780 3505 831 ἵνα.
3552 780 3809 848 ἀγαπᾶτε
3842 783 3934 835 ἀλ-

2361 871 2580 941 λήλους.
2611 889 2629 922 ι
2667 872 2772 924 Τὸν
2804 872 2968 924 αὐτὸν
2993 870 3154 943 λόγον
3203 870 3507 923 ἀνακυκλοί
3541 872 3803 941 συνεχῶς,
3833 872 3935 926 οὐκ

2363 960 2692 1032 ὲρεσχελῶν,
2722 959 2860 1013 ἀλλὰ
2889 962 2954 1031 τῇ
2985 961 3203 1030 συνεχεῖ
3230 960 3535 1029 ἀναμνήσει
3553 959 3939 1030 βεϐαιοτέρους

2365 1055 2563 1117 αὐτοὺς
2589 1053 2879 1119 καθιστῶν,
2921 1052 3015 1106 καὶ
3034 1053 3111 1122 τῷ
3133 1053 3236 1122 τῆς
3268 1053 3492 1122 ἀγάπης
3524 1053 3770 1124 ἑνωτικῷ
3807 1072 3937 1107 συν-

2365 1149 2574 1218 δέσμῳ,
2607 1149 2687 1211 εἰς
2722 1148 2779 1200 ἓν
2843 1149 3098 1213 συνάγων
3145 1146 3366 1209 αὐτούς.
3417 1147 3627 1200 Ἐκεῖνο
3655 1146 3710 1199 δέ
3745 1165 3831 1209 τις
3861 1147 3942 1199 εἰ·

2369 1242 2544 1303 κότως
2576 1241 2824 1307 ἐξετάσει
2855 1239 3261 1307 φιλοπευστῶν,
3293 1241 3411 1304 πῶς
3434 1239 3534 1310 τὴν
3565 1241 3645 1302 ei;
3673 1239 3940 1305 ἀλλήλους

1911 1413 2230 1475 Francisci
2265 1413 2471 1475 Scorsi
2508 1420 2694 1473 notte.

695 1584 825 1640 serit
854 1584 992 1636 idem
1020 1595 1142 1636 esse
1166 1594 1437 1647 unumque
1465 1578 1782 1647 principium
1831 1575 1970 1636 Filii,
2009 1585 2061 1629 et
2095 1576 2268 1644 Spiri-

699 1669 784 1708 tus
819 1651 1014 1712 sancti,
1049 1661 1208 1717 atque
1237 1653 1368 1702 adeo
1407 1648 1644 1700 excludit
1693 1649 1843 1715 plura
1890 1648 2153 1714 principia
2190 1647 2270 1698 his

695 1724 904 1782 verbis.
933 1723 1071 1788 quod
1103 1721 1340 1772 haeretici
1370 1719 1664 1788 dicebant:
1697 1735 1798 1770 non
1830 1717 2066 1788 excludit
2094 1725 2268 1788 auti-in

699 1793 896 1846 Filium
941 1787 968 1841 τε
1019 1790 1312 1857 spiratione
1369 1789 1540 1838 activa
1599 1787 1832 1853 Spiritus
1880 1787 2084 1846 sancti,
2126 1787 2267 1852 quod

2380 1578 2522 1627 dicat
2577 1574 2832 1640 Spiritum
2881 1592 2944 1628 ex
2989 1574 3148 1626 Patre
3181 1577 3482 1637 subsistere,
3514 1577 3722 1629 idenim
3755 1581 3941 1632 tribuit

2388 1647 2553 1700 Patri.
2593 1657 2837 1713 tanquam
2881 1645 3153 1711 principali
3190 1647 3416 1706 auctori,
3449 1648 3581 1698 sicut
3608 1651 3714 1710 ipse
3751 1649 3940 1701 Dami-

2381 1734 2476 1767 nas
2511 1717 2638 1767 dixit
2671 1731 2689 1768 :
2726 1733 2742 1764 ι
2779 1715 2881 1777 Qui
2920 1731 2985 1767 ea:
3023 1713 3186 1784 Patre
3214 1716 3465 1777 procedit.
3501 1736 3518 1767 ι
3574 1718 3939 1784 Eauuleuiqiie

2381 1787 2790 1848 CVpilt‘allOIH‘lll
2830 1785 2983 1835 alii)”.
3017 1786 3081 1855 nti
3134 1782 3382 1855 illumilo-
3409 1801 3494 1855 tt-ii
3535 1785 3588 1836 S.
3643 1782 3934 1855 Dionysius

699 1861 998 1916 adversarii
1036 1853 1203 1912 nostri
1239 1858 1428 1910 vellent
1461 1872 1521 1909 ex
1563 1856 1660 1909 lioc
1691 1857 1804 1906 loco
1849 1860 2130 1908 deducere.
2161 1856 2218 1905 At
2241 1883 2266 1892 ο
2301 1864 2338 1917 η
2377 1855 2446 1906 De
2469 1855 2627 1906 divin.
2661 1855 2858 1906 ηεινριξη.
2887 1870 3003 1919 cap.
3035 1853 3090 1914 2,
3128 1854 3214 1906 tibi
3262 1854 3333 1905 ait
3373 1873 3385 1907 :
3419 1853 3576 1907 Solus
3609 1857 3727 1921 fons
3751 1853 3938 1912 sititer-

699 1947 803 2000 que
837 1932 950 1984 haec
979 1944 1109 1982 sane
1145 1928 1466 2000 explicandi,
1506 1939 1554 1976 ιί
1599 1928 1889 1978 excusandi
1924 1925 2267 2000 'l‘heophaiiis

701 1996 873 2056 nostri
909 2001 1045 2051 ratio
1079 2012 1182 2050 non
1221 1998 1486 2050 videbitur
1523 2010 1659 2049 nova
1707 2007 1757 2048 et
1800 1996 2058 2064 gratuita,
2104 2007 2267 2061 atque

702 2089 767 2125 ex
814 2081 999 2124 nostro
1046 2067 1217 2121 Marte
1264 2069 1435 2119 solum
1476 2065 1660 2133 petita,
1712 2068 1754 2118 si
1807 2067 1928 2134 quis
1975 2066 2267 2134 adverterit

701 2144 890 2194 eadem
943 2140 1147 2192 ratione
1194 2136 1439 2190 excusari
1479 2131 1549 2189 'ct
1602 2131 1858 2203 explicari
1907 2135 1960 2188 S.
2007 2131 2266 2186 Joannem

704 2212 1021 2264 llaiiiasren.
1069 2224 1095 2258 a
1149 2206 1402 2258 Bellaria.
1461 2207 1576 2258 loco
1620 2207 1712 2257 cit.
1754 2217 1805 2258 et
1840 2221 1866 2256 a
1905 2205 2183 2258 Geiinadio
2218 2212 2270 2256 et

702 2281 1042 2333 Bessarioue.
1087 2275 1221 2330 Cotti
1258 2277 1402 2327 enim
1461 2276 1548 2327 ille
1581 2275 1799 2328 dixisset
1841 2276 1933 2328 lib.
1967 2291 1981 2327 i
2022 2274 2093 2324 De
2126 2274 2264 2341 ﬁde,

702 2369 821 2418 i-ap.
853 2350 939 2408 11.
967 2345 1225 2418 Spiritum
1257 2362 1359 2418 non
1383 2346 1574 2418 lili'lit‘x
1607 2344 1762 2418 Filio.
1791 2346 1880 2418 sed
1911 2361 2004 2410 per
2025 2342 2218 2394 Filium
2250 2361 2263 2397 :

711 2414 825 2472 Non
879 2414 1137 2487 negasse,
1174 2417 1354 2487 inquit
1404 2415 1680 2480 BCll‘-tllll.,
1715 2414 1963 2482 Spiritum
2025 2429 2264 2487 sanctum

699 2485 977 2554 procedere
1006 2505 1068 2541 ex
1091 2485 1252 2542 Filio.
1291 2488 1426 2551 quod
1444 2488 1526 2554 λιι(
1561 2502 1664 2536 rem
1694 2487 1895 2554 attinet,
1929 2501 2044 2536 cum
2079 2485 2267 2535 dixerit

701 2553 958 2625 Spiritum
989 2574 1097 2610 esse
1122 2556 1403 2621 imaginem
1433 2553 1655 2625 Filii._et
1684 2569 1776 2619 per
1800 2553 1995 2605 Filium
2027 2570 2157 2625 esse_,
2182 2555 2268 2625 sed

699 2623 1033 2682 existimasse
1079 2627 1239 2678 tutius
1273 2626 1377 2676 dici
1425 2639 1512 2690 per
1565 2623 1778 2687 Filium,
1815 2641 1967 2694 quam
2008 2641 2072 2676 ex
2105 2623 2268 2694 filio,

699 2708 953 2762 qiiaiitiint
981 2697 1047 2748 ad
1072 2702 1282 2747 modum
1310 2696 1552 2762 loquendi
1585 2705 1792 2761 prop!er
1817 2693 2052 2746 litzresim
2091 2693 2266 2745 Mace-

701 2769 844 2822 donii
862 2778 908 2821 et
950 2765 1300 2832 Eunomiiqni
1336 2779 1400 2815 ea:
1437 2762 1577 2816 Filio
1603 2775 1849 2831 tanquam
1873 2765 2123 2832 primaria
2149 2779 2270 2815 criu-

701 2856 784 2900 sa,
815 2838 920 2889 imo
954 2839 1113 2889 etiam
1145 2839 1254 2885 sola
1284 2848 1445 2886 causa
1478 2835 1752 2898 procedere
1786 2835 1988 2886 dicebat
2016 2831 2271 2899 Spiritum

702 2921 960 2960 sanctum.
985 2904 1107 2957 lliee
1137 2902 1390 2956 Bellarm.
1417 2917 1432 2966 ;
1465 2918 1582 2971 qua:
1607 2905 1787 2956 itidem
1824 2907 2101 2956 excusatio
2127 2903 2272 2954 vide-

701 2986 788 3030 tur
819 2973 1209 3028 accommodari
1249 2987 1405 3040 posse
1442 2973 1564 3025 huic
1599 2973 1712 3027 loco
1731 2973 1968 3025 secundo
1992 2973 2148 3040 hujus
2175 2974 2270 3024 ho-

704 3047 884 3099 iuili:e.
919 3043 980 3098 Et
1012 3044 1238 3111 primum
1275 3042 1434 3094 etiam
1481 3042 1653 3095 locum
1697 3043 1882 3096 eodem
1916 3044 2073 3094 modo
2097 3041 2270 3106 expli-

703 3115 964 3177 candum;
1018 3114 1088 3166 ibi
1133 3111 1276 3164 enim
1315 3112 1400 3164 liic
1430 3111 1588 3164 Pater
1624 3113 1793 3165 solum
1829 3111 1994 3164 veluti
2037 3112 2266 3178 quodam

705 3185 928 3237 exordio
965 3183 1231 3251 proponit,
1275 3195 1394 3247 qua:
1431 3182 1574 3251 dicat
1606 3180 1853 3251 Christus
1898 3183 1958 3251 in,
1984 3196 2049 3234 eo
2092 3180 2267 3251 Evan-

705 3257 843 3319 gelia
879 3249 1017 3322 quod
1051 3249 1246 3304 lectum
1283 3257 1400 3303 erat
1422 3265 1495 3322 eo
1517 3250 1601 3304 die
1626 3251 1682 3303 S.
1717 3250 1984 3322 Procopii,
2025 3264 2134 3316 quo
2181 3249 2266 3322 hic

707 3320 920 3375 habitus
971 3335 1170 3382 sermo,
1220 3334 1442 3387 qumque
1485 3320 1598 3388 ipsc
1628 3320 1994 3386 explicaturos
2039 3325 2180 3372 esset
2215 3320 2264 3371 iu

699 3393 1072 3459 sequentibus,
1106 3391 1349 3456 adeoque
1376 3405 1495 3442 cum
1531 3389 1703 3442 solum
1747 3390 1817 3441 ibi
1860 3399 2143 3456 proponat,
2182 3390 2268 3442 hic

699 3463 953 3530 explicet,
992 3477 1054 3514 ea
1103 3459 1398 3530 propositio
1447 3459 1702 3512 trahenda
1727 3460 1808 3530 ad
1848 3459 2268 3530 liaucAexplica-

702 3527 922 3585 tionem.
959 3531 1106 3595 Quod
1147 3529 1190 3582 si
1220 3529 1383 3582 etiam
1428 3530 1586 3581 aliam
1619 3528 1924 3596 explicandi
1963 3527 2103 3580 viam
2148 3529 2267 3595 quis

701 3603 841 3654 inire
865 3601 992 3652 Vrlil.
1023 3611 1238 3667 umque
1277 3599 1397 3651 loco
1425 3613 1786 3660 cuuimunem,
1812 3598 2079 3665 aperietur
2107 3600 2267 3648 etiam

703 3684 754 3721 et
783 3671 996 3736 quidem
1032 3670 1222 3722 idonea
1260 3681 1276 3721 :
1307 3682 1425 3720 eum
1455 3669 1596 3721 enim
1624 3667 1720 3728 ait,
1752 3667 2011 3735 Spiritum
2045 3681 2074 3719 a
2111 3667 2269 3720 Putre

707 3741 902 3792 habere
953 3738 1328 3800 substantiam,
1372 3737 1682 3806 quodidem
1725 3748 1808 3790 est
1847 3752 1909 3790 ac
1955 3738 2267 3805 procedere,

705 3824 876 3875 neque
927 3809 1070 3861 aliud
1111 3806 1293 3870 addat,
1327 3805 1468 3874 quod
1519 3805 1726 3871 Iimitet,
1762 3815 1819 3858 ιιι
1851 3820 2012 3875 supra
2047 3807 2180 3866 dixi,
2216 3815 2270 3858 et

702 3878 957 3932 excludat
981 3875 1197 3939 Filium,
1223 3890 1367 3929 reete
1393 3876 1656 3944 intelliges
1680 3876 1851 3942 ipsum
1873 3879 2051 3930 dicere
2073 3875 2271 3928 habere

701 3967 730 3997 a
761 3948 917 3999 Patre
949 3945 1334 4006 substantiam,
1367 3954 1622 4012 tanquam
1644 3960 1672 3997 a
1699 3945 1872 4013 primo
1903 3946 2189 4012 principio,
2217 3954 2270 3997 et

699 4017 930 4085 origine,
971 4031 1029 4068 ac
1065 4015 1209 4068 fonte
1256 4015 1862 4085 iliviiiitatiquuodque
1891 4016 1959 4067 ab
1985 4015 2090 4067 alio
2120 4015 2272 4081 prin-

702 4082 843 4153 i-ipio
888 4085 1147 4152 originem
1193 4099 1296 4136 non
1339 4085 1534 4137 trahat.
1565 4082 1733 4137 Filius
1766 4085 1908 4137 enim
1943 4093 2027 4136 est
2053 4086 2268 4151 quidem

696 4156 1021 4223 principium
1046 4153 1282 4223 Spiritus
1305 4154 1500 4216 sancti,
1527 4162 1579 4206 et
1605 4169 1765 4206 uuuiii
1790 4168 1908 4206 cuiu
1939 4153 2099 4207 Patre
2115 4154 2269 4223 prin—

701 4221 1148 4294 cipiuiitconﬂat,
1181 4221 1273 4276 sed
1309 4235 1485 4294 tamen
1517 4223 1632 4289 ipse
1666 4226 1827 4294 habet
1870 4238 2020 4276 suam
2048 4237 2076 4275 a
2113 4222 2268 4294 Patre

701 4290 965 4361 originem
1015 4307 1113 4360 per
1163 4293 1584 4361 generationem,
1639 4292 1885 4360 adeoque
1935 4309 2056 4345 cum
2109 4290 2271 4345 Pater

703 4360 948 4416 absolute
979 4360 1184 4415 dicitur
1212 4360 1447 4430 Spiritus
1475 4362 1645 4415 sancti
1695 4361 2041 4428 principium,
2086 4363 2155 4414 ita
2190 4371 2272 4415 est

703 4434 1131 4497 intelligendum,
1173 4441 1231 4482 ut
1273 4431 1345 4484 sit
1391 4431 1620 4496 primum
1658 4432 2001 4498 principium,
2035 4438 2092 4483 ut
2139 4430 2268 4494 dixi,

704 4514 863 4566 atque
886 4502 997 4554 haec
1017 4512 1100 4552 est
1125 4501 1428 4554 communis
1453 4500 1741 4567 explicatio
1772 4515 1957 4553 eorum
1985 4501 2267 4553 vei-borum
2301 4544 2307 4567 ί

701 4553 858 4623 Joau.
889 4586 955 4623 xv
981 4553 1008 4622 7:
1044 4553 1302 4638 Spiritum
1335 4553 1586 4634 veritatis,
1625 4570 1717 4638 qui
1757 4586 1789 4622 a
1816 4569 1976 4623 Patre
2012 4569 2267 4637 procedit.

703 4639 885 4692 Voluit
935 4639 1076 4691 enim
1123 4641 1196 4691 ibi
1262 4637 1512 4692 Christus
1575 4637 1976 4706 processionein
2035 4639 2270 4705 Spiritus

701 4708 848 4761 Patri
878 4708 1132 4773 tribuere,
1173 4714 1231 4760 ut
1275 4710 1461 4777 prima:
1487 4708 1707 4776 origini,
1737 4723 1765 4760 a
1806 4722 1911 4776 quo
1949 4707 2110 4760 etiam
2153 4707 2268 4773 ipse

701 4779 979 4848 procedit;
1015 4789 1276 4848 czeterum
1307 4793 1412 4830 non
1437 4793 1495 4830 se
1529 4778 1702 4848 ipsum
1735 4778 1970 4848 excludit
2005 4797 2018 4830 :
2053 4777 2271 4848 SCd_ll_l-f

701 4845 927 4915 ielligit,
965 4849 1091 4914 quia
1134 4847 1339 4910 omnia,
1388 4861 1507 4915 qua:
1547 4845 1709 4900 habet
1758 4846 1936 4908 Pater,
1988 4856 2115 4900 sunt
2145 4845 2266 4899 Filii

701 4928 898 4987 praeter
927 4916 1277 4987 ἀγεννησίαν,
1309 4917 1412 4970 hoc
1440 4927 1522 4970 est
1560 4916 2055 4987 innascibilitatem,
2091 4925 2150 4987 ut
2189 4916 2268 4968 lo-

700 4985 884 5055 quitur
928 4985 966 5040 S
1039 4986 1425 5055 Daiiiasceiius,
1457 4999 1509 5040 et
1549 4986 1852 5040 scholastici
1885 4985 2293 5055 coiiiiiiuiiiter.-

698 5053 876 5125 Atque
901 5057 1035 5110 adeo
1064 5055 1164 5108 hoc
1203 5054 1363 5108 etiam
1407 5058 1566 5125 habet
1602 5069 1890 5125 commune
1927 5071 2048 5109 eum
2080 5053 2260 5122 Patre,

702 5135 760 5177 tit
788 5123 859 5178 sit
879 5126 1206 5248 griucipium
1234 5124 1555 5190 spirativuui
1595 5123 1830 5193 Spiritus
1852 5126 2047 5178 sancti.

769 5193 846 5247 Ita
923 5233 937 5246 .
972 5193 1367 5248 CvrillusAlex.
1399 5194 1450 5247 in
1473 5196 1668 5248 Anath.
1703 5204 1830 5248 tom.
1865 5195 1900 5248 V
1931 5195 2043 5248 Con

769 5193 846 5247 Ita
879 5193 937 5248 S.
972 5193 1367 5263 CyrillusAlex.
1399 5194 1668 5263 iiiAnatlt.
1703 5204 1830 5248 toni.
1865 5195 1900 5249 V
1931 5193 2138 5250 Concil.
2162 5195 2262 5250 ult.

700 5264 863 5318 edit.:
907 5262 1239 5332 Unigenitum
1291 5265 1383 5317 Dei
1431 5262 1648 5318 Verbum
1684 5266 1837 5315 homo
1888 5265 2088 5332 factum
2150 5276 2263 5329 est;

701 5335 896 5385 mansit
954 5342 1126 5404 tamen
1177 5332 1339 5394 Deus,
1369 5336 1546 5387 omnia
1577 5342 1771 5401 prwter
1802 5334 1972 5387 solam
2024 5337 2263 5404 paterni-

701 5414 856 5454 tatem
883 5418 1002 5454 cum
1036 5402 1200 5454 Patre
1216 5405 1464 5471 wqualia,
1497 5414 1544 5456 et
1564 5405 1860 5456 communia
1881 5402 2095 5468 habens,
2129 5405 2266 5458 unde

699 5472 954 5543 Spiritum
986 5483 1246 5531 sanctum,
1303 5475 1391 5540 qui
1437 5489 1502 5524 ea:
1543 5476 1654 5538 ipso
1689 5483 1792 5537 est,
1834 5476 2035 5543 ipsique
2093 5491 2267 5526 esseu-

698 5543 896 5594 tiuliter
940 5542 1092 5604 inest,
1121 5551 1368 5610 tauquam
1402 5545 1673 5610 proprium
1701 5542 1960 5609 peculium
1989 5545 2261 5611 possidens

698 5614 908 5684 divina:
941 5613 1184 5684 potentite
1221 5629 1367 5684 signa
1423 5619 1756 5677 operabatur.
1825 5614 1950 5668 llaec
2009 5615 2260 5684 Cyrillus.

704 5679 828 5733 Vide
874 5679 1129 5733 Bellaria.
1176 5681 1290 5734 loco
1319 5683 1411 5734 cit.
1450 5686 1539 5746 qui
1581 5686 1678 5735 hoc
1713 5686 1826 5750 ipso
1861 5686 2018 5736 modo
2044 5679 2264 5751 prorsus

703 5752 822 5821 expl
849 5762 935 5802 ttat
971 5752 1144 5803 locum
1187 5752 1242 5803 S.
1285 5751 1482 5811 Basilii,
1518 5770 1674 5821 quezii
1707 5754 2006 5806 adversarii
2039 5771 2133 5817 pro
2167 5771 2263 5805 suo

700 5819 976 5874 adducunt
1025 5835 1228 5875 errore.
1279 5821 1393 5874 Non
1428 5819 1614 5885 obstat,
1652 5822 1842 5882 inquit.
1869 5823 2004 5890 quod
2030 5821 2264 5877 Basilius

2370 1922 2966 1977 substantialisDeitatis
2992 1937 3064 1976 est
3105 1921 3285 1975 I’aler.
3324 1921 3649 1988 Respondet,
3693 1931 3936 1991 inquam,

2371 1995 2420 2048 id
2455 2009 2575 2064 esxe
2607 2009 2789 2064 verum
2817 2011 2829 2046 :
2861 1994 2983 2064 quia
3023 1993 3179 2045 Pater
3211 2010 3311 2044 non
3349 1992 3508 2046 habet
3545 1997 3756 2046 aliunde
3789 2003 3933 2064 prlii-

2371 2061 2589 2131 ciiiiiiii't.
2650 2062 2893 2115 Itaciiiiii
2928 2063 3088 2115 Ruitz
3149 2064 3342 2114 citatus
3383 2065 3534 2116 initio
3591 2061 3826 2129 explicit
3884 2080 3938 2118 rt

2372 2136 2513 2188 hunc
2550 2132 2606 2186 S.
2653 2133 2909 2202 Dionysii,
2956 2147 3008 2186 et
3049 2133 3182 2185 alios
3215 2134 3358 2185 loces
3401 2144 3450 2185 et
3488 2135 3687 2186 similes
3723 2138 3936 2188 dicenti

2373 2206 2560 2256 modos
2597 2203 2655 2255 S.
2705 2204 2988 2256 Athanasii
3018 2215 3156 2255 orat.
3207 2216 3394 2254 contra
3426 2206 3670 2263 gregales
3704 2206 3935 2265 Sumit,

2374 2275 2459 2327 tibi
2498 2273 2707 2325 Patrem
2741 2274 2911 2325 solum
2955 2290 3062 2327 esse
3101 2275 3295 2341 [uitem
3355 2275 3583 2337 diutatii,
3633 2277 3938 2340 iliiaciiique

2370 2358 2400 2396 e
2436 2360 2495 2398 se
2558 2343 2810 2407 radicem,
2840 2354 2886 2395 et
2921 2343 3115 2411 fontem
3151 2341 3298 2403 Filii,
3335 2355 3381 2394 et
3416 2343 3684 2409 Spiritus;
3715 2360 3760 2399 et
3795 2357 3933 2399 or..t.

2369 2414 2422 2474 5.
2470 2425 2652 2467 contra
2684 2415 2868 2466 Ariun.
2904 2415 2990 2467 tibi
3027 2413 3240 2466 Patrem
3273 2429 3393 2466 esse
3419 2431 3578 2466 iiiiuui
3615 2417 3934 2482 principium

2373 2484 2607 2546 ilcitatis,
2645 2498 2748 2535 iion
2779 2483 2923 2543 duo;
2957 2492 3009 2538 et
3060 2484 3282 2549 Greger.
3340 2483 3589 2536 Naziaizz.
3643 2496 3785 2537 orat.
3846 2488 3932 2544 15,

2373 2568 2490 2619 ωιτη
2539 2563 2624 2607 est
2677 2553 2744 2606 de
2800 2570 2928 2618 pace
2995 2554 3080 2606 iilii
3144 2553 3356 2606 Patrem
3413 2555 3644 2619 appellat
3708 2555 3937 2607 lteitati‘s

2370 2625 2709 2690 principium.
2765 2633 2817 2676 et
2867 2639 3102 2685 rursum,
3149 2632 3417 2675 auctorem
3451 2639 3557 2676 esse
3607 2625 3936 2688 diuinitatis,

2369 2710 2487 2760 qua?
2518 2695 2572 2745 in
2623 2692 2766 2745 Filio
2817 2703 2864 2744 et
2906 2693 3115 2761 Spiritu
3155 2704 3336 2745 sancto
3363 2696 3745 2748 consideratur.
3786 2695 3936 2750 llzec.

2375 2766 2617 2828 inquam,
2669 2772 2720 2815 et
2752 2763 2946 2814 similia
3012 2763 3123 2815 loca
3161 2762 3227 2813 ita
3280 2773 3404 2813 sunt
3451 2765 3818 2831 intelligenda,
3878 2776 3937 2817 ut

2374 2833 2533 2885 l’ater
2564 2832 2634 2884 sit
2687 2833 2890 2898 primus
2924 2843 2976 2884 et
2998 2832 3308 2897 principalis
3352 2842 3541 2884 auctor
3577 2837 3791 2902 dcitatis
3819 2850 3941 2902 qiue

2371 2913 2447 2956 est
2485 2906 2536 2954 iii
2578 2902 2712 2955 Filio
2743 2913 2795 2954 et
2841 2902 3044 2968 Spiritu
3095 2913 3316 2953 sani-to:
3355 2903 3482 2966 quin
3518 2917 3582 2954 ex
3616 2901 3719 2956 hoc
3778 2901 3938 2956 iiiodu

2372 2973 2619 3036 loquendi
2678 2971 2893 3023 Patrum
2931 2971 3124 3023 asserit
3167 2971 3303 3023 idem
3341 2971 3520 3033 liuitz,
3556 2972 3768 3025 Patrem
3817 2988 3942 3026 esse

2372 3041 2683 3094 Divinitatis
2733 3041 2895 3094 tutius
2947 3041 3291 3106 principium,
3356 3051 3411 3094 et
3459 3043 3657 3092 fontem
3690 3043 3941 3096 aosolute

2373 3110 2709 3180 pronuntiari
2757 3125 2912 3177 posse
2947 3111 3161 3180 absque,
3192 3109 3298 3161 ullo
3329 3112 3580 3176 scrupulo
3609 3127 3624 3174 ;
3665 3126 3765 3163 nec
3819 3128 3943 3166 esse

2375 3179 2479 3232 ulla
2531 3188 2675 3243 nota,
2713 3181 2794 3233 vel
2855 3179 3271 3247 reprehensione
3317 3180 3535 3244 dignum
3596 3182 3939 3249 theologum,

2373 3251 2461 3316 qui
2501 3251 2598 3302 hoc
2629 3251 2790 3301 etiam
2852 3257 3091 3315 tempore
3118 3250 3186 3299 ita
3223 3249 3492 3314 loquatur.
3548 3250 3696 3314 Quod
3741 3251 3943 3304 funda-

2375 3328 2609 3371 mentum
2645 3319 2800 3385 hujus
2849 3319 3162 3371 assertiouis
3195 3328 3245 3369 et
3281 3319 3572 3384 longiorem
3605 3321 3936 3385 disputatio-

2374 3404 2518 3450 nem,
2551 3391 2669 3442 vide
2703 3391 2840 3453 apud
2865 3387 3058 3454 ipsum.
3087 3385 3249 3439 Nobis
3273 3390 3406 3440 satis
3424 3388 3494 3439 sit
3523 3388 3645 3441 liiuc
3672 3392 3943 3443 deducere

2373 3465 2580 3510 tantum
2629 3457 2819 3510 abesse
2852 3469 2908 3509 ιιι
2957 3460 3027 3508 sit
3081 3457 3374 3510 trahendus
3418 3469 3602 3510 uester
3633 3461 3695 3510 ad
3744 3460 3941 3513 adver-

2371 3529 2634 3580 sariorum
2679 3542 2940 3588 errorem,
2966 3534 3024 3578 ut
3065 3527 3229 3579 etiam
3279 3528 3350 3578 sit
3380 3537 3527 3580 recte
3562 3535 3619 3580 et
3639 3529 3757 3582 sine
3787 3542 3945 3582 seru-

2375 3599 2500 3662 pulo
2538 3597 2889 3662 explicandus
2929 3610 3026 3662 pro
3077 3595 3338 3648 catholica
3401 3596 3658 3661 veritate;
3710 3602 3940 3665 quando

2372 3667 2583 3727 quidem
2613 3666 2646 3718 ii
2685 3667 2868 3729 i-tiaiii,
2905 3665 2995 3733 qui
3021 3665 3338 3718 vocabulqu
3371 3667 3515 3717 soliis
3542 3679 3941 3732 apposuerunt,

2371 3751 2491 3788 cuiu
2543 3737 2607 3788 de
2651 3734 2808 3788 Patre
2852 3738 3222 3802 quuerentur,
3293 3744 3349 3785 tit
3393 3736 3658 3802 principio
3710 3736 3834 3789 Filii
3889 3751 3945 3790 et

2375 3804 2609 3871 Spiritus
2644 3805 2836 3866 sancti,
2883 3813 3029 3857 recte
3059 3804 3399 3870 explicantur
3429 3813 3482 3856 et
3533 3805 3938 3873 intelliguntur.

2371 3873 2530 3927 l’lara
2584 3875 2648 3926 ad
2706 3876 2844 3928 hanc
2899 3889 3010 3927 rem
3063 3888 3275 3939 possem
3343 3888 3632 3940 aggerere,
3682 3877 3778 3928 sed
3831 3879 3946 3930 haec

2374 3945 2508 3996 satis
2559 3943 2624 3995 ad
2669 3943 3066 4010 eisplieandum,
3105 3943 3186 3995 vel
3249 3945 3611 3996 excusandum
3671 3955 3941 3999 nostrum.

2370 4011 2632 4065 Caeterum
2658 4013 2700 4066 si
2759 4013 2844 4065 cui
2883 4029 2984 4065 nou
3042 4014 3177 4066 satis
3214 4027 3528 4077 persuasum
3567 4012 3640 4065 sit
3679 4015 3748 4066 de
3773 4029 3938 4068 seusu

2373 4095 2557 4136 eorum
2606 4081 2894 4135 verborum
2950 4082 3120 4134 nostri
3151 4080 3529 4147 Theophanis,
3569 4097 3730 4149 quem
3765 4087 3946 4137 hacte-

2372 4167 2474 4204 nus
2504 4149 2792 4218 eXplicavi,
2845 4151 3118 4217 confugiat
3163 4150 3358 4203 iterum
3393 4153 3517 4204 licet
3570 4153 3636 4205 ad
3694 4165 3817 4204 eam
3849 4158 3944 4206 ile—

2372 4219 2694 4279 fensionem.
2722 4236 2884 4290 quam
2915 4221 3068 4272 initio
3097 4221 3324 4285 praetuli,
3380 4225 3735 4288 eamdemque
3788 4238 3945 4290 pror-

2372 4305 2489 4353 sus,
2559 4287 2752 4357 quain'
2793 4287 3028 4343 Jodocus
3099 4290 3443 4342 Clicthovcos
3525 4287 3943 4345 Commentator-

2371 4358 2690 4412 DauiaSCeni
2763 4374 2864 4412 suo
2925 4359 3112 4410 tribuit
3159 4360 3492 4412 Damasceno
3567 4359 3649 4411 his
3712 4363 3940 4414 verbis:

2373 4427 2554 4496 Neque
2578 4437 2750 4480 tamen
2777 4429 2970 4480 idcirco
2993 4429 3185 4498 erroris
3223 4441 3401 4479 notaui
3425 4431 3628 4481 auctori
3653 4429 3944 4498 impingere

2374 4499 2458 4566 fas
2510 4508 2608 4553 est.
2647 4499 2817 4566 quodq
2845 4514 2984 4550 more
3032 4496 3334 4550 ercorum
3391 4502 3608 4566 senserit
3677 4496 3943 4560 Spiritum

2374 4564 2616 4621 sanctum
2645 4564 2735 4630 per
2770 4564 2994 4627 Filium,
3025 4583 3129 4618 non
3153 4579 3329 4619 autem
3367 4583 3429 4618 ca:
3457 4564 3598 4619 Filio
3626 4575 3943 4634 procedere;

2377 4639 2465 4690 sed
2491 4652 2583 4704 pro
2621 4638 2864 4702 temporis
2886 4636 3183 4689 conditione
3208 4638 3490 4687 humanam
3509 4653 3766 4689 excusare
3798 4641 3946 4705 igno—

2377 4710 2628 4767 rantiam,
2683 4706 2853 4775 utqui
2892 4716 3112 4770 tempus,
3158 4721 3260 4772 quo
3306 4705 3538 4771 Spiritus
3593 4710 3764 4775 sancti
3815 4725 3941 4772 pro-

2375 4777 2662 4829 cessionem
2709 4774 2782 4828 ex?
2815 4774 2976 4828 Patre
3034 4775 3279 4842 Filioque
3323 4778 3639 4827 credendam
3697 4774 3940 4829 Ecclesia

2374 4846 2634 4897 catholica
2671 4859 2912 4911 expresse
2951 4845 3340 4906 determinavit,
3391 4846 3747 4896 antecesserit.
3776 4845 3841 4897 In
3880 4849 3945 4898 iis

2376 4926 2570 4976 autem,
2617 4930 2733 4982 qua:
2761 4917 2980 4966 necdum
3003 4915 3208 4982 publica
3266 4914 3471 4965 decreto
3516 4916 3734 4981 ite/inita
3776 4928 3900 4967 sunt
3926 4957 3942 4981 ,

2371 4994 2649 5052 antequam
2662 4995 2839 5050 aperte
2851 4985 3283 5046 determinentur,
3297 4983 3498 5036 diverso
3512 4986 3772 5052 interdum
3790 4993 3946 5037 modo

2369 5050 2561 5106 senti-re
2587 5055 2980 5119 comperiantur
3005 5054 3210 5120 probati
3243 5065 3504 5104 auctores.
3539 5050 3616 5105 lta
3669 5053 3942 5108 Clicthov.

2371 5139 2470 5192 pro
2525 5122 2881 5176 Damasceno.
2914 5121 3212 5189 Itidemque
3241 5138 3336 5190 pro
3397 5133 3586 5176 nostro
3613 5121 3824 5192 affero,
3851 5127 3943 5190 qui

2373 5191 2882 5260 iameirquanquaiu
2914 5207 3018 5246 non
3051 5192 3196 5260 dicat
3230 5192 3338 5245 ullo
3369 5194 3485 5245 loco
3525 5205 3582 5244 ut
3609 5191 3937 5246 Daiuasceu.

2369 5279 2460 5332 per
2505 5259 2700 5316 Filium
2740 5259 3038 5331 procedere
3073 5259 3332 5332 Spiritum
3383 5273 3654 5332 sanctum,
3689 5265 3780 5329 qui
3825 5279 3943 5315 ιιιοο

2369 5331 2468 5386 dus
2509 5333 2760 5399 loquendi
2812 5333 2918 5396 jaiii
2973 5331 3280 5385 declaratus
3318 5340 3400 5384 est
3449 5331 3591 5384 idem
3633 5346 3758 5385 esse
3790 5348 3853 5385 ac
3879 5348 3947 5385 ex

2371 5401 2516 5456 Filio
2558 5412 2613 5455 ut
2656 5418 2721 5456 ex
2760 5401 2968 5456 Coocil.
3005 5400 3244 5454 FiOl‘Clll.
3282 5412 3336 5455 et
3380 5401 3583 5468 disput.
3623 5401 3695 5454 ibi
3753 5405 3947 5470 positis

2373 5473 2586 5526 Bessar.
2637 5472 2808 5526 Genu.
2844 5471 3004 5539 Greg.
3043 5471 3432 5540 Protosyncelli
3466 5482 3712 5540 apparet,
3781 5483 3835 5524 et
3877 5488 3942 5524 ex

2373 5543 2565 5596 Bellar.
2601 5560 2722 5607 sup.
2755 5541 3126 5606 osleiidiiiitis;
3181 5556 3489 5610 quanquam
3520 5542 3683 5609 igitur
3708 5542 3812 5594 hoc
3837 5559 3943 5593 non

2370 5621 2579 5667 asserat
2618 5612 2994 5681 'l‘henphaues,
3028 5615 3118 5664 sed
3153 5612 3298 5663 dicat
3331 5629 3360 5663 a
3411 5611 3571 5681 liatrc
3626 5615 3944 5677 procedere.

2371 5701 2474 5735 non
2512 5697 2686 5735 tamen
2741 5679 2993 5749 expresse
3048 5683 3290 5734 excludit
3321 5696 3387 5734 ex
3432 5679 3589 5741 Filii),
3624 5683 3768 5748 quod
3833 5681 3940 5732 Da-

2373 5765 2664 5808 mascenus
2711 5754 2837 5809 iecit
2871 5764 2934 5806 co
2981 5765 3162 5810 sensu,
3197 5762 3249 5802 et
3306 5754 3461 5805 modo
3503 5752 3615 5819 jaui
3649 5752 3942 5818 explicnto.
