4168 6456
670 392 780 459 979

669 602 917 671 diligeret
947 617 960 653 :
988 600 1109 668 quia
1133 597 1199 650 de
1231 595 1432 648 mundo
1487 608 1589 645 non
1651 593 1803 653 estis.
1865 595 1959 648 sed
2002 610 2102 662 cgo
2154 609 2246 648 vos

670 691 807 761 elegi
845 692 912 745 de
944 688 1163 753 mundo,
1191 685 1309 741 ideo
1346 686 1577 740 mundus
1609 700 1706 738 vos
1746 685 1880 739 odit.
1944 704 1963 736 ι
2019 685 2248 738 Mundus

668 784 869 838 dicitur
898 778 1033 850 (90),
1074 780 1310 850 quodex
1340 778 1502 842 caelo,
1540 785 1815 844 terraque,
1884 784 1939 828 et
1991 776 2075 830 his
2120 791 2239 845 quae

671 875 724 928 in
752 874 929 927 medio
955 883 1077 927 sunt
1113 870 1422 938 interjccta,
1478 869 1834 923 constitutum
1887 878 2047 937 atque
2098 883 2247 921 com-

670 974 885 1033 pactum
939 973 1070 1017 est:
1118 962 1269 1031 juxta
1324 976 1486 1030 quam
1558 958 2011 1028 signiﬁcationem
2081 960 2245 1011 Deum

669 1056 853 1109 mundi
898 1053 1273 1106 fabricatorcm
1312 1067 1588 1107 vocamus.
1636 1050 1860 1119 Κόσμος
1904 1051 2067 1103 etiam
2125 1050 2242 1118 pul-

666 1147 927 1203 chritudo
979 1162 1043 1201 ex
1086 1149 1320 1216 partium
1366 1147 1716 1216 proportione
1779 1159 2140 1213 consurgens,
2197 1153 2250 1196 et

666 1237 885 1306 quidam
910 1247 1160 1302 ornatus,
1192 1252 1289 1306 pro
1338 1246 1394 1289 ut
1450 1237 1503 1288 in
1557 1235 1825 1290 Manassa:
1885 1236 2103 1289 cantico
2156 1237 2247 1287 de-

666 1339 947 1384 cantatum
981 1340 1067 1385 cst
1098 1331 1228 1384 illud
1269 1348 1281 1383 :
1320 1348 1339 1380 ι
1371 1329 1469 1394 Qui
1497 1330 1673 1384 fecisti
1706 1330 1900 1384 coelum
1933 1339 1985 1382 et
2023 1338 2247 1392 terram,

666 1435 791 1473 cum
824 1420 1194 1472 omniornatu
1227 1433 1439 1473 eorum.
1481 1438 1500 1471 ι
1552 1419 1780 1472 Mundus
1832 1419 1994 1471 etiam
2046 1418 2248 1472 dicitur

666 1511 851 1580 populi
905 1509 1225 1574 multitudo;
1265 1508 1411 1564 unde
1476 1510 1633 1562 invisi
1686 1510 1793 1563 Deo
1852 1509 2131 1578 pontiﬁccs
2183 1510 2249 1562 dc

668 1605 889 1659 Clxristo
945 1605 1198 1659 dicebant
1248 1622 1260 1657 :
1323 1603 1453 1656 Ecce
1498 1604 1727 1656 mundus
1772 1615 1908 1657 totus
1968 1613 2082 1664 post
2130 1619 2248 1655 eum

668 1695 775 1749 nbit
808 1695 877 1748 “.
920 1716 937 1747 ο
974 1695 1065 1749 Est
1100 1695 1263 1749 etiam
1293 1693 1513 1763 quando
1550 1702 1605 1747 et
1646 1694 1856 1745 'muadi
1915 1694 2142 1758 malitia,
2197 1703 2244 1746 et

668 1787 963 1855 voluptatis
996 1786 1272 1852 illecebra,
1310 1796 1361 1839 et
1386 1789 1498 1854 ipsa
1535 1800 1715 1838 rerum
1755 1787 1805 1838 in
1844 1787 2068 1840 materia
2119 1802 2247 1839 con-

669 1891 945 1935 crctarum
998 1878 1233 1934 colluvio
1264 1880 1497 1933 mundus
1554 1878 1789 1944 dicatur,
1842 1880 1980 1933 unde
2019 1880 2248 1932 munda-

671 1988 771 2026 nos
823 1972 1156 2041 appellamus
1216 1986 1309 2025 eos
1365 1974 1455 2041 qui
1488 1972 1572 2025 his
1623 1971 1785 2023 dediti
1839 1971 2003 2023 vitam
2060 1982 2250 2037 agunt.

670 2064 893 2133 Κόσμος
922 2063 1089 2117 etiam
1157 2062 1263 2116 dici
1297 2062 1585 2131 aliquando
1620 2069 1801 2130 posset
1827 2062 2030 2131 aliquid
2056 2061 2141 2114 his
2175 2064 2257 2114 di-

669 2158 774 2212 etis
808 2158 1138 2227 oppositum,
1168 2156 1433 2211 laboriosa
1486 2156 1694 2211 scilicet
1737 2156 1996 2209 virtutum
2047 2156 2256 2209 exerci-

671 2252 823 2315 tatio,
859 2265 1020 2318 quam
1048 2251 1309 2306 Dominus
1333 2252 1384 2304 in
1423 2251 1603 2319 seipso
1628 2250 2026 2315 perfectissime
2067 2260 2255 2303 osten-

673 2346 789 2410 dit;
820 2344 957 2398 dixit
994 2345 1138 2399 enim
1172 2344 1451 2413 discipulis
1483 2361 1495 2397 :
1538 2361 1553 2393 ι
1588 2342 1741 2396 Exivi
1767 2361 1791 2395 ιι
1823 2342 2005 2408 Patre,
2042 2353 2092 2394 ct
2131 2342 2256 2395 veni

670 2440 726 2491 in
766 2439 1066 2492 mundum:
1106 2439 1299 2491 iterum
1336 2438 1583 2504 rclinquo
1613 2439 1893 2499 mundum,
1930 2448 1985 2490 et
2023 2436 2159 2489 vado
2191 2436 2255 2488 ad

674 2530 891 2583 Patrem
924 2531 1007 2593 ";
1048 2548 1066 2579 ι
1104 2529 1208 2584 hoc
1234 2540 1338 2595 est,
1366 2530 1686 2583 exinaniens
1747 2545 1831 2581 me
1883 2530 2054 2598 ipsum
2115 2530 2256 2583 divi-

672 2622 846 2674 nitate
882 2621 1083 2674 lahoris
1114 2630 1360 2690 experte,
1393 2622 1512 2673 veni
1540 2621 1592 2673 in
1643 2621 1787 2673 hunc
1844 2622 2128 2683 mundum,
2174 2622 2251 2673 la-

674 2714 947 2768 boriosam
983 2714 1234 2768 videlicet
1273 2714 1395 2766 vita:
1424 2729 1519 2781 per
1567 2714 1819 2768 virtutem
1893 2723 2029 2766 acta:
2091 2713 2258 2767 ratio-

674 2820 821 2870 nem,
861 2816 921 2859 ut
947 2806 1085 2859 viam
1113 2807 1263 2861 vobis
1294 2810 1566 2875 praeircm,
1598 2822 1696 2876 per
1740 2821 1901 2875 quam
1959 2808 2258 2877 ingredire-

674 2898 813 2949 mini
851 2898 915 2951 ad
958 2897 1104 2951 illam
1138 2916 1151 2950 :
1192 2914 1335 2953 nunc
1371 2914 1499 2952 vero
1526 2913 1647 2953 eam
1680 2898 1992 2963 relinquens
2010 2895 2254 2950 discedo.

675 2986 743 3040 Et
780 2988 1029 3042 fortassis
1061 2989 1160 3043 hoc
1202 2998 1318 3043 erat
1370 2991 1511 3057 quod
1567 2987 1667 3053 ipsi
1725 2986 1934 3041 Martha
1988 2987 2203 3042 dicebat
2241 3004 2253 3039 :

684 3100 702 3130 ε
737 3080 815 3134 Τιι
849 3096 907 3135 es
938 3081 1190 3135 Christus
1216 3080 1388 3136 Filius
1414 3081 1529 3143 Dei,
1565 3080 1658 3150 qui
1701 3080 1754 3133 in
1791 3082 1937 3134 hunc
1991 3081 2254 3134 mundum

1886 389 2380 450 THEOPHANIS
2421 389 2766 450 CERAMEI

747 526 765 559 ‹
803 506 858 562 Si
894 504 962 559 de
998 503 1196 572 mundo
1234 500 1451 565 essetis,
1483 500 1711 552 mundus
1744 501 1886 567 quod
1925 516 2083 554 suum
2130 510 2247 554 erat
2283 505 2321 555 Α

3839 393 3947 457 980

2431 519 2447 547 σ
2486 499 2547 553 Ei
2581 501 2644 552 ἐκ
2673 498 2769 552 τοῦ
2836 498 3042 570 κόσμου
3107 493 3229 570 ἦτε,
3263 499 3292 551 6
3349 500 3555 569 κόσμος
3614 501 3681 553 ἂν
3717 500 3779 553 τὸ
3811 503 3946 554 ίδιον

2352 592 2564 659 ἐφίλειο
2595 596 2676 647 ὅτι
2712 592 2768 645 δὲ
2828 592 2893 645 ἐκ
2953 591 3049 645 τοῦ
3108 593 3317 662 κόσμου
3358 595 3459 646 οὐκ
3499 594 3648 657 ὲστὲ,
3684 595 3803 646 ἀλλ’
3828 598 3941 660 ἐγὼ

2353 692 2690 760 ἐξελεξάμην
2727 692 2873 758 ὑμᾶς
2916 690 2979 741 ἐκ
3029 688 3127 741 τοῦ
3187 690 3417 757 κόσμου,
3448 690 3539 742 διὰ
3566 688 3761 741 τοῦτου
3794 694 3945 756 μισεῖ

2354 784 2497 853 ὑμᾶς
2536 786 2563 835 6
2614 784 2840 850 κόσμος.
2883 799 2903 831 ›
2934 782 3157 851 Κόσμος
3201 781 3421 848 λέγεται
3477 781 3538 833 τὸ
3590 780 3651 845 ἐξ
3712 781 3946 848 οὐραψῦ

2355 877 2449 929 καὶ
2470 876 2595 943 γῆς,
2631 876 2724 928 καὶ
2750 875 2857 927 τῶν
2881 876 2938 927 ὲν
2964 874 3123 943 μέσῳ
3150 873 3409 943 σύστημα
3427 890 3483 925 τε
3512 874 3604 925 καὶ
3631 872 3944 942 σύγκριμα,

2354 967 2480 1020 καθ’
2508 968 2535 1019 ὃ
2570 967 2905 1037 δημιουργὸν
2932 966 3029 1019 τοῦ
3059 968 3267 1036 κόσμου
3295 968 3479 1037 φαμὲν
3510 968 3601 1017 τὸν
3631 966 3787 1019 Θεόν.
3842 966 3948 1017 lui-

2358 1077 2495 1130 σμος
2528 1060 2626 1113 καὶ
2655 1060 2687 1128 ἡ
2720 1059 2817 1114 τοῦ
2870 1059 3104 1121 κάλλους
3152 1060 3412 1131 ἁρμονία,
3453 1060 3545 1112 καὶ
3572 1059 3944 1127 διακόσμησις

2354 1155 2497 1207 κατὰ
2521 1154 2581 1206 τὸ
2618 1152 2965 1223 ὑμνούμενον
2992 1154 3050 1207 ἐν
3079 1155 3145 1223 τῇ
3172 1152 3283 1223 ᾠδῇ
3307 1153 3579 1224 Μανασσῇ
3606 1167 3620 1181 ⁸
3650 1173 3667 1204 ι
3712 1153 3772 1205 Ὀ
3800 1157 3949 1221 ποιή-

2356 1258 2456 1303 σας
2491 1242 2585 1295 τὸν
2612 1244 2861 1309 οὐρανὸν,
2894 1244 2994 1297 καὶ
3021 1242 3121 1312 τὴν
3151 1246 3278 1313 γῆν,
3323 1244 3421 1296 σὺν
3458 1245 3620 1296 παντὶ
3650 1244 3725 1312 τῷ
3758 1244 3951 1313 κόσμῳ

2355 1334 2555 1387 αὐτῶν.
2598 1353 2615 1385 ι
2653 1334 2875 1404 Κόσμος
2908 1336 3004 1387 καὶ
3026 1336 3060 1405 ἡ
3095 1334 3191 1387 τοῦ
3232 1334 3366 1387 λαοῦ
3393 1335 3613 1402 πληθύς
3643 1353 3657 1365 ·
3683 1337 3781 1389 καὶ
3816 1337 3951 1401 γοῦν

2354 1427 2543 1494 ἔλεγον
2579 1428 2627 1480 οἱ
2653 1428 2970 1495 θεοστυγεῖς
3024 1430 3307 1499 ἀρχιερεῖς
3363 1431 3497 1498 περὶ
3536 1428 3631 1481 τοῦ
3664 1429 3906 1497 Χριστοῦ
3935 1447 3947 1459 ·

2362 1538 2378 1569 ι
2416 1520 2521 1573 Ἴδε
2565 1523 2591 1573 6
2626 1520 2832 1590 κόσμος
2890 1520 3137 1589 ἀπῆλθεν
3189 1520 3368 1573 ὀπίσω
3419 1521 3610 1574 αὐτοῦ.
3650 1539 3667 1571 ι
3714 1523 3872 1573 Ἔστι
3908 1522 3953 1573 δ’

2354 1614 2443 1665 ὂτε
2475 1614 2566 1664 καὶ
2599 1614 2630 1679 ἡ
2672 1612 2915 1681 κοσμικὴ
2974 1614 3165 1674 κακία,
3195 1615 3291 1667 καὶ
3336 1614 3722 1682 ἠδελεὰζουσα
3762 1616 3950 1682 ἡδονὴ.

2354 1702 2448 1753 καὶ
2479 1704 2509 1771 ἡ
2543 1701 2678 1770 πρὸς
2704 1701 2801 1772 τὴν
2860 1703 2992 1758 ὓλην
3021 1704 3352 1771 ἀνάφυρσις,
3388 1704 3510 1756 καθ’
3538 1704 3565 1757 ὃ
3594 1706 3722 1765 τοὺς
3748 1706 3808 1754 ὲν
3854 1706 3919 1754 αὖ
3940 1734 3953 1741 ς

2357 1795 2467 1853 τοῖς
2496 1792 2769 1860 βιοῦντας,
2800 1796 3103 1861 κοσμικοὺς
3132 1794 3495 1863 ὀνομάζομεν.
3531 1796 3762 1862 Λέγοιτο
3825 1795 3954 1847 δ’ἆν

2363 1901 2493 1936 ποτε
2555 1886 2780 1953 κόσμος,
2821 1890 2914 1939 καὶ
2945 1888 2978 1956 ἡ
3014 1886 3073 1950 ἐξ
3116 1888 3364 1940 ἐναντίου
3427 1888 3638 1941 τούτων
3690 1888 3955 1948 ἐπίπονος

2361 1977 2599 2045 ἐργασία
2654 1977 2766 2030 τῶν
2813 1978 3051 2047 ἀρετῶν,
3101 1979 3167 2049 ἢν
3196 1982 3224 2031 6
3279 1979 3488 2050 Κύριος
3529 1979 3595 2031 δι’
3639 1979 3838 2032 ἑαυτοῦ
3870 1998 3957 2031 τε-

2361 2068 2628 2138 λεώτερον
2708 2069 2930 2135 ἔδειξεν.
2971 2070 3168 2138 Ἔλεγε
3259 2071 3393 2135 γοῦν
3461 2074 3573 2133 τοῖς
3636 2070 3954 2139 μαθηταῖς·

2367 2177 2383 2208 ι
2434 2158 2689 2228 Ἐξῆλθον
2719 2162 2870 2231 παρὰ
2938 2160 3034 2213 τοῦ
3085 2160 3324 2231 Πατρὸς,
3361 2162 3453 2214 καὶ
3485 2161 3719 2232 ἐλήλυθα
3749 2163 3827 2222 εἰς
3862 2164 3955 2214 τὶν

2364 2251 2574 2320 κόσμον
2598 2265 2614 2281 ⁸
2650 2252 2816 2305 πάλιν
2847 2252 3056 2322 ἀφίημι
3114 2253 3207 2306 τὸν
3250 2254 3479 2324 κόσμον,
3514 2257 3609 2307 καὶ
3644 2255 3957 2324 πορεύομαι

2362 2343 2499 2412 πρὶς
2529 2343 2620 2396 τὸν
2662 2344 2908 2414 Πατέρα,
2946 2364 2964 2397 ι
3003 2346 3256 2398 τουτέστι
3297 2346 3551 2408 κενώσας
3576 2348 3820 2417 ἐμαυτὸν
3845 2348 3955 2415 sig;

2362 2436 2601 2507 ἀμόχθου
2666 2437 2944 2507 θεότητος,
2984 2434 3151 2509 ἦλθον
3185 2442 3265 2503 είς
3292 2440 3385 2492 τὸν
3432 2441 3694 2493 ἐπίπονον
3723 2444 3954 2510 κόσμον,

2362 2530 2462 2599 τῆς
2494 2530 2752 2598 ἐναρέτου
2783 2531 3085 2595 πολιτείας,
3122 2533 3240 2596 ὁδὸς
3294 2534 3424 2602 ὑμῖν
3457 2534 3715 2602 γενέσθαι
3743 2536 3838 2600 τῆς
3878 2538 3959 2596 εἰς

2361 2624 2533 2693 αὐτὴν
2593 2623 2952 2687 είσελεόσεως
2983 2640 2995 2653 ⁸
3024 2626 3120 2678 νῦν
3179 2625 3225 2676 δ’
3257 2624 3458 2694 ἄπειμι
3504 2626 3714 2695 ταύτην
3745 2628 3907 2695 ἀφείς
3941 2644 3956 2657 ·

2362 2719 2457 2770 καὶ
2494 2718 2635 2787 τάχα
2660 2717 2808 2771 τοῦτ’
2836 2714 2926 2787 ἦν,
2962 2720 3100 2789 ὅπερ
3127 2721 3159 2788 ὴ
3189 2718 3389 2789 Μάρθα
3421 2713 3575 2772 εἶπεν
3606 2718 3756 2788 αὐτῷ
3781 2736 3795 2748 ·
3833 2739 3849 2770 ε
3884 2721 3958 2772 Σὺ

2361 2806 2411 2862 εἷ
2435 2812 2461 2862 ὁ
2489 2810 2727 2881 Χριστὸς
2782 2813 2809 2865 ό
2856 2811 2983 2875 Υίδς
3012 2813 3108 2866 τοῦ
3152 2812 3290 2866 Θεοῦ
3322 2815 3349 2865 ὁ
3407 2814 3490 2875 είς
3518 2815 3609 2864 τὸν
3640 2814 3847 2882 κόσμον
3870 2814 3961 2863 ὲ).-

2362 2901 2492 2965 θὼν,
2530 2919 2548 2952 ι
2589 2902 2681 2953 τὸν
2712 2903 2916 2969 κόσμον
2966 2903 3310 2972 ἐμφαίνουσα
3345 2902 3456 2955 τῶν
3509 2903 3750 2971 ἀρετῶν.
3791 2905 3960 2955 Δοίοεί

2359 2995 2415 3047 δὲ
2447 2995 2541 3047 καὶ
2568 2996 2683 3057 τοῖς
2718 2994 2994 3065 μαθηταῖς
3022 2997 3049 3049 6
3078 2998 3276 3067 Σωτὴρ
3310 2996 3443 3065 περὶ
3461 2996 3711 3049 τοιούτου
3739 2999 3958 3065 κόσμου

2360 3085 2563 3140 λαλεῖν.
2602 3105 2621 3137 ι
2674 3088 2765 3139 Ἐν
2794 3087 2870 3156 τῷ
2894 3088 3087 3157 κόσμῳ
3122 3088 3305 3156 θλίψιν
3337 3088 3487 3151 ἕξετε
3515 3107 3525 3119 ·
3560 3107 3578 3140 s
3612 3087 3958 3156 τεθλιμμένη

677 3173 872 3226 venisti
902 3174 969 3239 “,
1004 3191 1022 3224 ›
1061 3175 1317 3227 mundum
1348 3174 1557 3228 scilicet
1623 3174 1887 3226 virtutum
1949 3173 2254 3226 insinuans.

2370 3182 2503 3251 γὰρ,
2541 3182 2637 3233 καὶ
2671 3181 2831 3249 στενὴ
2873 3182 2905 3251 ἡ
2938 3182 3039 3251 τῆς
3089 3182 3309 3251 ἀρετῆς
3336 3182 3477 3245 ὁδός.
3506 3181 3665 3235 Οὕτω
3694 3181 3827 3247 γοῦν
3856 3185 3962 3249 τῆς

683 3265 904 3319 Videtur
931 3280 1057 3319 vere
1086 3268 1250 3319 ctiam
1280 3268 1346 3319 de
1383 3268 1484 3319 hoe
1508 3267 1708 3319 mundo
1729 3266 2017 3332 discipulis
2061 3267 2254 3321 Salva-

682 3369 768 3410 tor
800 3358 1012 3412 locutus
1047 3374 1062 3410 :
1103 3376 1121 3409 ι
1162 3356 1218 3412 In
1251 3360 1451 3411 mundo
1477 3373 1792 3427 pressuram
1818 3358 2085 3412 habebitis
2121 3358 2202 3423 ";
2235 3379 2252 3410 ι

681 3459 831 3504 arcta
868 3451 1011 3505 enim
1040 3460 1121 3504 est
1150 3460 1202 3505 et
1231 3460 1454 3520 angusta
1486 3451 1702 3505 virtutis
1735 3452 1819 3505 via
1844 3449 1909 3503 ".
1940 3449 2101 3521 381
2149 3450 2261 3505 Hoc

686 3546 857 3612 igitur
879 3546 1039 3601 modo
1073 3545 1421 3617 ambiguitate
1443 3545 1721 3610 distincta,
1748 3555 1802 3598 et
1820 3546 2081 3614 explicata
2102 3545 2259 3599 intel-

760 3686 995 3743 “101”.
1028 3702 1124 3747 till,
1171 3685 1251 3738 l9.
1332 3686 1375 3714 "
1429 3684 1586 3738 Jour.
1616 3702 1724 3747 Mil,
1786 3684 1875 3736 Q0.

1954 3686 1996 3716 “
2044 3685 2203 3744 Joau.
2238 3702 2313 3751 ιι,
2364 3687 2453 3741 Ξ8.

2366 3273 2689 3341 ὁμωνυμίας
2712 3273 3109 3342 διαιρεθείσης,
3141 3275 3414 3343 προσήκει
3446 3276 3587 3325 νοεῖν
3603 3271 3679 3334 ὡς
3702 3276 3729 3324 ὁ
3760 3270 3959 3337 Σωτὴρ

2369 3364 2602 3417 ἐνταῦθα
2633 3365 2839 3433 κόσμον
2884 3364 3112 3419 ἐκάλεσε
3141 3365 3242 3436 τὴν
3291 3367 3567 3437 κοσμικὴν
3597 3364 3828 3435 τύρόην,
3858 3366 3960 3415 καὶ

2371 3458 2594 3519 κακίαν,
2620 3458 2713 3511 καὶ
2742 3459 2870 3521 τοὺς
2894 3457 3103 3529 ταύτην
3125 3460 3541 3530 ὲνησκημένους
3569 3458 3832 3527 φαύλους,
3859 3456 3963 3509 καὶ

2373 3547 2667 3620 πονηρούς.
2706 3566 2724 3601 t
2763 3549 2825 3601 Εί
2858 3550 2923 3603 ὲκ
2976 3549 3072 3604 τοῦ
3107 3550 3317 3621 κόσμου
3346 3546 3519 3620 ἧτε,ό
3555 3552 3760 3621 κόσμος
3800 3551 3864 3602 ἂν
3900 3549 3964 3600 τὸ

2532 3688 2574 3718 ⁸⁷
2613 3687 2771 3745 Joan.
2829 3706 2941 3755 xw,
2986 3692 3074 3747 35.
3155 3690 3200 3721 “‘
3228 3689 3418 3744 Matth.
3472 3706 3567 3753 vn,
3622 3689 3697 3743 Ιὶ.

1926 3825 2035 3882 Fra
2073 3822 2243 3882 .cisci
2279 3824 2489 3885 Scorsi
2522 3832 2709 3887 notas.

761 3976 878 4047 (90)
918 3975 1152 4030 Mundus
1198 3977 1418 4029 dicitur.
1473 3973 1679 4030 Omnes
1737 3974 2070 4047 significatus
2130 3991 2267 4044 quos

685 4053 739 4104 in
787 4047 972 4103 Gneca
1008 4062 1141 4100 Voce
1201 4047 1409 4114 κόσμος
1471 4048 1649 4099 inesse
1698 4046 1860 4098 tradit
1914 4048 2001 4099 hic
2051 4055 2261 4109 auctor,

687 4117 981 4170 convenire
1037 4128 1264 4182 possunt
1303 4117 1465 4170 etiam
1515 4116 1629 4166 voci
1660 4114 1863 4169 Latina}
1898 4117 2260 4181 respondenti,

685 4190 943 4248 mundus,
978 4188 1193 4253 dempta
1226 4196 1520 4254 postrema.
1574 4184 1811 4239 Primam
1837 4202 2027 4239 omnes
2057 4188 2259 4251 sciunt,

687 4260 779 4319 qui
832 4256 1022 4311 Latine
1090 4258 1291 4310 sciunt.
1346 4256 1459 4310 Cic.
1525 4255 1597 4310 De
1658 4266 1773 4311 nat.
1832 4257 1981 4309 deor.
2050 4257 2143 4309 lib.
2184 4271 2257 4310 tt:

690 4328 964 4394 Principio
1023 4328 1131 4393 ipse
1166 4327 1389 4378 mundus
1430 4331 1648 4378 deorum
1708 4327 2079 4396 hominumque
2099 4342 2261 4379 causa

691 4400 860 4468 factus
912 4407 1008 4459 est,
1047 4412 1365 4465 quacunque
1394 4399 1447 4449 in
1480 4412 1537 4447 eo
1570 4406 1711 4456 sunt,
1748 4406 1795 4450 et
1822 4407 2011 4468 parata
2041 4397 2110 4448 ad
2144 4396 2261 4462 fru-

690 4466 830 4521 ctum
863 4468 1153 4527 hominum,
1186 4478 1230 4519 et
1264 4468 1467 4519 inventa
1497 4478 1637 4519 sunt.
1676 4468 1869 4521 Missos
1899 4466 2036 4521 facio
2075 4476 2262 4529 poetas

690 4541 780 4606 qui
814 4553 873 4589 ea
924 4552 1055 4591 voce
1092 4538 1309 4603 sepius,
1365 4545 1419 4587 et
1449 4536 1591 4606 obvii
1624 4550 1750 4589 sunt
1782 4539 1983 4602 pueris.
2051 4536 2262 4595 Plinius

690 4604 759 4660 de
792 4618 1040 4674 utraque,
1064 4621 1185 4674 Cap.
1219 4608 1273 4670 4,
1310 4606 1399 4658 lib.
1431 4622 1465 4658 ιι
1498 4604 1637 4658 Hist.
1673 4618 1782 4658 nat.
1816 4624 1834 4659 :
1866 4606 2029 4669 Quem
2057 4607 2264 4674 κόσμον

691 4678 866 4730 ϐπ·ωεί
918 4677 1128 4729 nomine
1179 4676 1470 4729 ornamenti
1504 4677 1919 4741 appellaverant,
1953 4694 2068 4730 eum
2090 4686 2138 4728 et
2170 4693 2262 4729 nos

691 4767 723 4799 η
790 4746 1047 4815 perfecta,
1097 4747 1447 4813 absolutoque
1492 4744 1776 4813 elegantia,
1846 4746 2121 4800 mundum.
2183 4747 2257 4798 lta

690 4817 948 4882 Plinius;
1002 4831 1067 4869 ex
1105 4830 1210 4878 quo
1260 4815 1432 4877 vides,
1474 4830 1577 4883 qua
1636 4819 1843 4868 ratione
1893 4819 2124 4869 mundus
2164 4831 2262 4877 ap—

694 4887 923 4957 pelletur
949 4886 1199 4939 machina
1227 4886 1490 4957 universi.
1526 4888 1772 4938 Secunda
1802 4887 2128 4955 signiﬁcatio
2167 4885 2262 4937 τοῦ

694 4956 932 5025 κόσμου,
987 4971 1091 5024 qua
1154 4956 1639 5024 pulchritudinem,
1687 4965 2007 5009 ornatnmve
2060 4957 2259 5024 signat,

694 5030 893 5081 allucet
938 5026 989 5077 in
1017 5040 1147 5079 voce
1190 5025 1375 5078 Latina
1413 5027 1636 5078 mundus
1670 5042 1789 5080 cum
1823 5028 2047 5079 mundus
2081 5027 2266 5078 mulie-

698 5100 837 5159 bris,
881 5097 1012 5149 satis
1048 5094 1238 5149 Latine
1270 5110 1365 5161 pro
1395 5107 1586 5148 ornatu
1616 5106 1926 5164 usurpatur.
1957 5096 2073 5149 Liv.
2102 5096 2193 5149 lib.
2228 5112 2260 5149 ll

697 5169 777 5221 De
806 5166 939 5218 bello
972 5165 1214 5219 Maced.:
1250 5164 1374 5219 Non
1412 5182 1603 5217 aurum
1645 5168 1799 5219 modo
1831 5169 1914 5231 iis,
1952 5168 2039 5219 sed
2065 5176 2265 5229 postre-

700 5253 787 5291 mo
845 5252 1050 5304 quoque
1090 5246 1301 5301 vestem,
1337 5238 1693 5306 mundumque
1723 5254 1927 5291 omnem
1956 5237 2263 5290 muliebrem

699 5307 918 5360 ademit.
954 5308 1149 5361 Accius
1182 5325 1196 5359 :

773 5376 905 5429 Cum
932 5376 1181 5446 virginali
1212 5377 1407 5429 mundo
1437 5376 1569 5429 clam
1597 5387 1767 5445 pater.

700 5447 880 5519 Atque
913 5448 992 5500 hze
1020 5451 1137 5501 duae
1172 5447 1597 5519 signiﬁcationes
1629 5450 1767 5519 apud
1806 5458 2017 5519 veteres
2076 5447 2262 5501 latini-

702 5518 831 5569 tatis
861 5527 1107 5571 auctores
1143 5527 1267 5570 sunt
1300 5518 1354 5571 in
1396 5533 1517 5580 usu,
1548 5518 1771 5586 reliqua:
1803 5518 1921 5571 duae
1978 5527 2267 5586 postrema:

701 5586 843 5655 apud
880 5588 1300 5642 ecclesiasticos.
1338 5586 1470 5640 Nam
1509 5603 1626 5657 quzc
1653 5592 1702 5641 in
1734 5592 1934 5641 mundo
1959 5599 2264 5648 versantur,

701 5667 756 5710 et
787 5658 966 5723 potius
998 5658 1060 5711 ad
1085 5657 1335 5727 ethesim,
1370 5673 1529 5727 quam
1563 5660 1626 5712 ad
1652 5660 1927 5727 physicam
1962 5658 2265 5724 spectantia

702 5728 1068 5781 continentur.
1123 5726 1224 5782 SS.
1260 5727 1449 5781 Patres
1485 5726 1661 5782 Gra‘ci’
1705 5729 1795 5781 τὸν
1826 5730 2056 5797 κόσμον,
2091 5729 2265 5782 Latini

700 5799 954 5867 mundum
992 5797 1210 5863 dicunt;
1265 5798 1489 5867 eiusque
1522 5800 1574 5850 in
1607 5800 1778 5851 sacris
1814 5799 2026 5851 Litteris
2056 5818 2157 5850 ιιοτι
2188 5799 2263 5849 in-

702 5866 961 5929 frequens
981 5881 1110 5923 usus
1130 5868 1369 5930 exempla
1400 5877 1523 5924 sunt
1546 5871 1721 5923 obvia.
1748 5871 2009 5926 Ouartam
2038 5870 2268 5927 dcni'tllc

2378 3977 2835 4037 siqnilicationem
2895 3977 3022 4031 huic
3080 3974 3393 4043 penultimm
3456 3974 3815 4036 contrariam,
3851 3990 3963 4041 qua

2374 4063 2477 4099 non
2512 4048 2814 4116 voluptates
2845 4057 2898 4101 et
2932 4047 3214 4101 commoda
3246 4045 3404 4114 hujus
3442 4044 3567 4116 vitae
3620 4046 3807 4096 mundi
3858 4062 3964 4097 ηυ-

2374 4117 2520 4170 mine
2554 4115 2951 4185 signiﬁcantur,
2987 4118 3080 4172 sed
3112 4116 3327 4170 labores
3359 4115 3562 4184 potius,
3590 4123 3643 4166 et
3666 4115 3961 4185 _tu9lesti:n

2371 4188 2422 4238 in
2458 4183 2714 4241 virtutum
2752 4187 3146 4242 exercitatione
3213 4183 3478 4253 susceptae
3538 4184 3683 4251 apud
3736 4183 3964 4239 Latinos

2374 4255 2558 4310 Patres
2613 4259 2848 4311 nondum
2883 4258 3078 4325 reperi.
3124 4256 3378 4310 Occurrit
3420 4271 3546 4309 vero
3576 4254 3774 4320 legenti
3813 4255 3951 4308 mihi

2371 4326 2427 4378 S.
2471 4327 2688 4380 Maximi
2746 4327 3073 4392 Centttrias;
3130 4343 3251 4378 nam
3286 4326 3491 4379 (Ecca.
3526 4334 3669 4378 cent.
3724 4341 3800 4383 tv,
3834 4339 3959 4390 Cap.

2373 4396 2459 4457 70,
2510 4397 2583 4450 ita
2629 4398 2913 4464 distinguit
2946 4398 3083 4451 hanc
3112 4396 3565 4463 signiﬁcationem
3608 4410 3673 4446 ex
3711 4395 3803 4445 illo
3839 4394 3959 4447 Ιειςη

2372 4466 2530 4520 Joan.
2569 4485 2583 4522 ι
2617 4485 2628 4518 :
2682 4467 2816 4519 Erat
2861 4469 2955 4520 lux
2983 4485 3126 4527 vera,
3161 4482 3279 4535 qua:
3323 4467 3593 4535 illuminat
3628 4480 3839 4516 onmem
3865 4466 3959 4516 Ito-

2372 4541 2566 4592 minem
2606 4540 2891 4591 venientem
2922 4538 2978 4589 in
3014 4540 3151 4588 hunc
3174 4533 3468 4588 mundum.
3529 4533 3682 4587 Certe
3716 4551 3820 4585 non
3852 4552 3968 4584 om—

2370 4612 2450 4661 nis
2502 4610 2654 4661 homo
2681 4609 2770 4673 qui
2816 4609 2956 4660 venit
3004 4609 3055 4659 in
3084 4608 3219 4659 hunc
3248 4608 3499 4657 mundum
3556 4604 3899 4655 illuminatur
3932 4623 3962 4655 α

2368 4680 2519 4730 verba
2548 4695 2567 4741 ς
2597 4677 2771 4742 plures
2805 4679 2942 4730 enim
2970 4685 3179 4728 manent
3204 4692 3306 4725 non
3340 4674 3655 4732 illuminati,
3687 4683 3735 4723 et
3756 4675 3961 4725 lumine

2368 4749 2682 4817 cognitionis
2714 4758 2991 4817 carentes;
3044 4748 3134 4799 sed
3163 4745 3333 4797 omnis
3360 4744 3545 4817 procul
3579 4744 3743 4795 dubio
3773 4746 3961 4805 homo,

2366 4814 2457 4888 qui
2497 4818 2712 4884 propria
2762 4816 3029 4888 voluntate
3062 4824 3233 4888 motus
3290 4815 3458 4888 pergit
3509 4814 3565 4865 in
3590 4829 3767 4888 rerum
3804 4830 3965 4865 mun-

2367 4884 2493 4940 dum
2538 4892 2821 4941 virtutum.
2868 4886 3055 4941 Omnis
3087 4886 3246 4944 enim,
3296 4885 3390 4949 qui
3422 4902 3451 4935 α
3490 4884 3770 4935 nativitate
3800 4901 3966 4948 spon-

2368 4970 2524 5011 tanea
2564 4956 2746 5025 pulsus
2779 4958 2835 5009 in
2868 4959 3086 5009 veritate
3129 4954 3264 5007 venit
3301 4958 3354 5005 in
3388 4954 3547 5025 hujus
3572 4954 3779 5025 generis
3802 4971 3967 5025 iniun-

2368 5031 2516 5089 dnm,
2561 5022 2591 5081 ὰ
2624 5028 2773 5080 verbo
2801 5044 2927 5080 sane
2984 5025 3350 5085 illuminatur,
3402 5024 3667 5090 accipiens
3717 5022 3964 5075 habitum

2367 5100 2581 5151 virtutis
2626 5100 2926 5162 immotum,
2958 5106 3005 5150 et
3034 5094 3346 5163 cognitionis
3391 5109 3523 5147 certe
3548 5093 3829 5163 scientiam
3845 5110 3968 5160 pec-

2369 5178 2490 5221 cato
2526 5170 2832 5220 immunem.
2869 5160 2943 5220 Ita
2976 5166 3034 5221 S.
3072 5160 3337 5217 Maximus
3365 5180 3429 5217 ex
3456 5163 3705 5216 versione
3732 5160 3966 5215 Joannis

2371 5238 2505 5293 Pici.
2563 5238 2692 5290 Nam
2738 5236 2925 5292 Graeca
2967 5237 3203 5291 nondum
3252 5236 3598 5287 esstiterunt.
3656 5230 3756 5285 Hic
3799 5234 3966 5301 igitur

2371 5307 2430 5361 S.
2485 5308 2749 5361 Maximus
2792 5323 2978 5361 vocem
3032 5306 3260 5373 κόσμον,
3314 5320 3477 5372 quam
3533 5302 3652 5356 sine
3676 5303 3848 5355 dubio
3869 5319 3965 5373 po-

2369 5379 2476 5431 suit
2503 5394 2566 5432 eo
2591 5378 2730 5439 loco,
2755 5388 2810 5429 ut
2839 5395 2906 5431 ex
2942 5372 3424 5440 Latinomnndus,
3460 5384 3512 5424 et
3542 5383 3652 5426 tota
3690 5372 3964 5426 sententia

2370 5450 2589 5516 planum
2624 5458 2727 5511 est,
2788 5448 2841 5501 in
2874 5449 3033 5501 tertio
3065 5443 3377 5513 signiﬁcatu
3428 5458 3493 5516 es
3528 5444 3690 5495 dictis
3719 5443 3959 5516 primum

2371 5514 2603 5585 accepit,
2656 5528 2925 5584 quatenus
2956 5518 3151 5585 signat,
3189 5516 3437 5566 homines
3481 5514 3531 5564 in
3587 5514 3795 5565 mundo
3832 5527 3964 5564 ροη-

2372 5584 2592 5653 tentos;
2624 5598 2820 5640 atvero
2853 5589 3093 5640 secundo
3142 5584 3329 5637 locoin
3368 5593 3644 5651 postremo
3674 5592 3956 5650 quatenus

2372 5671 2464 5710 eos
2499 5652 2586 5724 qui
2622 5658 2673 5710 in
2710 5658 2811 5710 hac
2860 5659 2991 5717 vita,
3032 5652 3251 5709 virtutis
3281 5668 3439 5724 ergo
3467 5668 3527 5706 se
3587 5663 3856 5724 exercent
3907 5662 3959 5703 et

2372 5721 2673 5781 macerant.
2731 5730 2907 5795 Atque
2934 5743 2996 5780 ex
3032 5726 3132 5780 hac
3168 5734 3293 5778 nota
3334 5722 3533 5776 multos
3557 5721 3695 5795 alios
3745 5723 3951 5795 harum

2375 5798 2715 5849 lminiliarmn
2754 5791 2898 5851 locos
2924 5796 3216 5867 percipies,
3235 5807 3468 5864 quorum
3497 5791 3950 5863 explanatioiiem

2373 5868 2436 5920 ad
2460 5869 2597 5921 hanc
2640 5868 2845 5922 remisi.
