4168 6456
705 394 810 459 987

1891 388 2387 450 THEOPHANIS
2426 386 2769 447 CERAMEI

3851 378 3969 438 953

702 503 967 563 terribilis
990 504 1171 559 oblata
1207 503 1467 557 divinitus
1509 501 1719 570 species
1746 509 1854 563 est,
1884 516 2003 571 quae
2033 502 2181 555 illum
2214 500 2279 552 ad

2386 516 2476 551 τον
2513 499 2737 566 ζωγρεῖ.
2770 492 3123 564 Στελλομένῳ
3148 491 3258 563 γὰρ
3275 490 3382 562 τὴν
3414 491 3494 554 είς
3535 490 3811 557 Αἴγυπτον
3863 510 3969 557 φοι

704 600 797 652 Dei
826 596 1187 666 cognitionem
1211 595 1443 649 vocavit.
1480 593 1671 647 Crueis
1694 592 1895 661 quippe
1924 592 2137 662 signum
2160 590 2269 660 (98)

701 698 918 740 omnem
962 683 1298 753 splendorem
1346 681 1614 734 excedens
1662 681 1815 745 vidit,
1845 689 1898 733 ct
1930 678 2109 732 divina
2141 691 2275 744 qua-

704 782 826 833 dam
865 790 998 830 voce
1048 774 1344 841 Procopius
1378 772 1678 842 appellatus
1712 783 1818 834 εει,
1870 769 2173 840 profectum
2220 768 2273 819 in

702 884 829 923 vera
887 868 1145 938 religione
1194 864 1305 935 (99)
1362 865 1610 934 signante
1660 862 1942 918 vocabulo.
1998 861 2166 931 Igitur
2219 860 2273 913 in

634 1016 635 1019 η
703 960 996 1032 Egyptum
1061 957 1307 1011 instituto
1366 957 1559 1009 itinere
1612 955 1814 1005 omisso
1860 951 2188 1023 regreditur,
2225 957 2277 1002 et

704 1053 848 1118 quod
902 1048 1005 1103 sibi
1066 1056 1386 1116 apparuerat
1441 1044 1633 1099 Crucis
1674 1045 1886 1114 signum
1940 1059 2002 1096 ex
2040 1040 2274 1108 pretiosa

705 1142 930 1195 materia
969 1138 1324 1199 aﬂ'abrefacil,
1360 1145 1522 1204 atque
1563 1150 1778 1187 onmem
1817 1134 2031 1202 pietatis
2071 1143 2276 1199 partem

705 1233 1073 1301 amplectitur.
1113 1229 1216 1283 Sed
1247 1243 1368 1279 cum
1403 1243 1431 1279 a
1477 1228 1694 1295 propria
1728 1232 1900 1279 matre
1931 1222 2143 1275 delatus
2186 1236 2275 1273 es-

702 1334 808 1385 set,
853 1323 954 1376 sub
995 1319 1221 1390 pnesiile
1277 1317 1442 1372 Lucio
1490 1314 1992 1386 comprehenditur,
2048 1322 2100 1364 et
2155 1328 2277 1365 cum

704 1414 870 1466 multa
905 1413 1267 1466 cruciamenta
1301 1409 1578 1467 subiisset,
1610 1417 1776 1475 atque
1818 1406 1870 1459 in
1914 1405 1994 1458 his
2032 1404 2095 1455 ad
2129 1403 2280 1456 forti-

708 1505 950 1556 tudinem
985 1503 1154 1570 magis
1188 1503 1319 1571 ipsis
1348 1499 1572 1567 ﬂagellis
1604 1499 1893 1551 roboratus
1922 1507 2092 1559 esset,
2136 1496 2280 1547 inter

704 1596 816 1663 ipsa
854 1604 1119 1649 tormenta
1140 1595 1371 1647 animam
1404 1591 1630 1644 Domino
1660 1590 1931 1653 reddidit;
1959 1599 2011 1640 et
2040 1605 2179 1640 nunc
2199 1589 2281 1637 in-

712 1697 791 1737 ter
832 1684 1144 1752 angelorum
1202 1683 1399 1736 choros
1434 1680 1697 1746 exsultat,
1743 1689 1794 1733 et
1851 1678 2067 1748 prwmia
2108 1688 2279 1729 certa-

712 1786 917 1838 minum
961 1785 1180 1852 accipit.

776 1972 1047 2041 Quotquot
1101 1972 1264 2037 igitur
1323 1982 1370 2025 et
1407 1980 1728 2039 martyrum,
1770 1981 1823 2024 et
1871 1972 2129 2023 virtutum
2161 1978 2276 2021 stn-

706 2059 842 2112 diosi
893 2076 1101 2127 Sumus,
1137 2062 1293 2128 hujus
1331 2060 1704 2113 fortitudinem
1752 2062 2007 2131 martyris
2055 2059 2277 2114 aemule-

706 2168 863 2217 mur;
900 2152 1239 2205 tolerantiam
1271 2155 1571 2214 imitemur,
1600 2162 1654 2206 et
1684 2152 1850 2205 vitam
1885 2160 2125 2205 nostram
2152 2166 2275 2205 cum

704 2246 915 2297 ratione
968 2246 1203 2311 vivendi,
1235 2262 1394 2312 quam
1450 2247 1650 2298 athleta
1708 2246 1905 2308 tenuit,
1948 2242 2276 2298 conformari

702 2338 1037 2391 Studeamus.
1081 2336 1144 2389 Et
1187 2354 1283 2391 nos
1330 2339 1471 2391 enim
1505 2337 1670 2391 etiam
1708 2337 1940 2406 patriam
1990 2337 2277 2391 habemus.

702 2424 1004 2480 Jerusalem
1035 2429 1179 2480 illam
1216 2428 1630 2497 intelligibilem,
1668 2429 1975 2497 paradisum
2010 2428 2155 2481 illum
2193 2428 2283 2483 de-

702 2518 979 2582 liciarum,
1011 2535 1074 2572 ex
1111 2535 1218 2586 quo
1251 2519 1641 2573 miserabiliter
1673 2520 1833 2588 cjecti
1864 2518 2088 2573 fuimus.
2120 2518 2281 2571 Pater

706 2627 836 2664 vero
869 2622 1051 2665 noster
1079 2614 1281 2667 exstitit
1320 2612 1411 2667 Dei
1464 2623 1815 2682 pra-ceptum,
1843 2614 2143 2683 spiritualis
2188 2613 2279 2667 illa

704 2702 787 2755 lex
820 2719 945 2757 vere
978 2704 1427 2773 ChristOphorus.
1460 2722 1581 2773 qua:
1607 2705 1813 2761 Christi
1850 2708 1900 2759 in
1929 2721 1985 2759 se
2012 2716 2280 2774 prmeepta

707 2796 934 2849 ferebat.
970 2794 1173 2850 Sensus
1206 2812 1332 2850 vero
1376 2799 1455 2867 (i)
1512 2799 1765 2852 illecebra
1814 2798 2045 2868 genitrix
2096 2807 2279 2853 nostra

719 2901 835 2951 qnie
866 2901 965 2940 nos
1002 2888 1398 2953 quodannnodo
1430 2890 1615 2957 genuit
1641 2899 1696 2942 et
1722 2889 1963 2942 nutrivit.
1996 2889 2151 2943 Hunc
2181 2890 2280 2959 igi.

706 2982 887 3030 turab
925 2979 1078 3031 initio
1127 2980 1300 3033 secuti
1353 2981 1645 3033 sensilibus
1688 2981 1849 3035 rebus
1904 2983 2148 3049 impliciti
2193 2996 2285 3035 sn-

710 3085 851 3133 mus,
888 3085 1084 3137 easque
1115 3071 1357 3123 materia:
1386 3071 1593 3133 affixas,
1632 3083 1688 3124 ut
1717 3072 1854 3126 idola
1883 3073 1936 3126 in
1972 3074 2198 3137 honore,
2221 3088 2283 3126 ac

2384 588 2522 655 ϐερά
2555 587 2746 654 γέγονε
2779 583 3075 654 θεοφάνεια
3109 581 3358 634 καλοῦσα
3416 579 3614 633 τοῦτον
3667 581 3807 649 πρὸς
3862 579 3975 643 τὴν

2382 679 2534 732 Θείαν
2560 680 2877 745 ἐπίγνωσιν,
2916 674 3130 728 καὶτοῦ
3178 673 3419 742 σταυροῦ
3458 674 3522 725 τὸ
3573 674 3802 741 σημεῖον
3823 671 3973 739 ὑπὲρ

2385 774 2569 825 πᾶσαν
2602 771 2801 841 αἴγλην
2833 768 3150 832 ὁπτάνεται,
3186 768 3283 820 καὶ
3317 765 3624 837 Προκὸπιος
3693 765 3798 816 ὑπὸ
3862 765 3977 833 τῆς

2385 867 2536 929 θείας
2565 865 2751 935 φωνῆς
2777 862 3129 934 ὀνομάζεται,
3192 862 3294 933 τὴν
3356 861 3439 923 είς
3514 860 3616 930 τὴν
3676 858 3974 913 εὐσέϐειαν

2389 958 2679 1030 προκοπὴν
2708 955 3083 1027 σημαινούσης
3122 955 3218 1023 τῆς
3266 954 3533 1021 κλήσεως.
3609 952 3794 1020 Ἀφεὶς
3872 952 3975 1003 οῦν

2384 1052 2484 1122 τὴν
2512 1053 2591 1114 εἰς
2620 1050 2899 1117 Αἴγυπτον
2935 1048 3231 1118 φέρουσαν.
3290 1046 3738 1115 παλιμπόρευτος
3796 1045 3967 1107 ἵεται,

2387 1143 2481 1196 καὶ
2507 1142 2567 1195 τὸ
2598 1142 2764 1210 φανὲν
2789 1140 2883 1193 τοῦ
2908 1138 3141 1211 σταυροῦ
3163 1140 3391 1209 σημεῖον
3417 1139 3481 1190 ἐκ
3504 1137 3606 1204 τῆς
3630 1136 3976 1206 τιμιωτέρας

2388 1232 2522 1301 ὕλης
2555 1234 2717 1296 ποιεί,
2767 1233 2861 1285 καὶ
2912 1233 3041 1301 ὃλην
3088 1228 3474 1297 ἐγκολπίζεται
3520 1228 3620 1297 τὴν
3659 1228 3973 1280 εὐσέϐειαν.

2386 1324 2711 1394 Διαϐληθεὶς
2731 1324 2787 1376 δέ
2818 1323 2969 1392 παρὰ
2991 1323 3087 1392 τῆς
3125 1323 3262 1386 ίδίας
3300 1322 3529 1392 μητρὸς,
3566 1321 3672 1373 ὑπὸ
3693 1320 3792 1372 τοῦ
3830 1323 3972 1387 ἠγε-

2392 1416 2551 1485 μὸνος
2569 1415 2799 1468 Λουκίου
2834 1415 3281 1483 συλλαμϐάνεται
3318 1430 3333 1443 ο
3371 1414 3473 1466 καὶ
3509 1413 3738 1475 πολλαῖς
3798 1411 3978 1480 βασα-

2391 1524 2506 1568 νοις
2539 1506 3004 1575 προσωμιληκὼς,
3045 1506 3137 1559 καὶ
3170 1507 3399 1566 ταύταις
3427 1503 3566 1571 πρὸς
3590 1503 3854 1573 ἀνδρείαν
3875 1501 3975 1552 ἐπὶ

2390 1598 2555 1649 πλέον
2590 1597 2816 1666 μάστιξι
2844 1598 3174 1667 στομωθεὶς,
3212 1598 3269 1648 ἐν
3297 1597 3490 1658 αὑταῖς
3542 1598 3660 1656 ταῖς
3710 1595 3975 1663 βασάνοις

2388 1690 2465 1759 τῷ
2495 1692 2738 1759 Δεσπότῃ
2772 1689 3043 1755 παρέθετο
3071 1692 3171 1757 τὴν
3200 1689 3399 1757 ψυχὴν,
3427 1690 3520 1740 καὶ
3584 1688 3681 1738 νῦν
3718 1688 3975 1753 ἀγγέλων

2389 1786 2633 1856 χορείαις
2652 1783 2968 1850 ἀγάλλεται.
3001 1782 3108 1834 τῶν
3141 1781 3322 1835 ἀθλων
3355 1780 3453 1840 τὰς
3487 1779 3791 1840 ἀντιδόσεις
3816 1778 3973 1846 δεχο-

2313 1860 2354 1917 n
2386 1893 2566 1945 μενος.

2454 1967 2609 2020 Ὅσοι
2656 1967 2786 2035 γοῦν
2817 1966 3243 2037 φιλομάρτυρες,
3300 1966 3397 2018 καὶ
3447 1965 3753 2035 φιλάρετοι,
3798 1960 3979 2031 ζηλώ-

2383 2076 2567 2127 σωμεν
2603 2058 2698 2110 τοῦ
2756 2059 3031 2129 μάρτυρος
3081 2057 3180 2129 τὴν
3235 2058 3529 2121 ἀνδρείαν·
3598 2055 3973 2125 μιμησὼμεθα

2381 2154 2573 2204 τούτου
2616 2152 2717 2221 τὴν
2773 2153 3073 2223 καρτερίαν
3102 2168 3118 2183 ·
3189 2154 3521 2222 παρεμφερῆ
3572 2151 3841 2219 δείξωμεν
3878 2152 3971 2202 τὶν

2384 2243 2594 2295 ἑαυτῶν
2629 2243 2741 2313 βίον
2790 2246 2854 2313 τῇ
2881 2244 3130 2315 πολιτείᾳ
3161 2243 3256 2296 τοῦ
3312 2241 3570 2311 ἀθλητοῦ.
3640 2243 3750 2294 Καὶ
3809 2244 3973 2309 ἡμεῖς

2382 2338 2492 2405 γὰρ
2520 2336 2780 2406 πατρίδος
2812 2336 2979 2403 ἐσμὲν
3019 2336 3122 2405 τῆς
3176 2337 3379 2405 νοητῆς
3458 2334 3820 2405 Ἰερουσαλὴμ
3875 2336 3973 2387 τοῦ

2384 2428 2713 2497 παραδείσου
2744 2430 2841 2496 τῆς
2868 2429 3101 2500 τρυφῆς,
3131 2430 3188 2495 ἐξ
3216 2426 3285 2502 ἦς
3325 2430 3577 2491 ἐλεεινῶς
3637 2428 3974 2496 ἀπῳκίσθη-

2388 2539 2513 2591 μεν.
2548 2521 2739 2593 Πατὴρ
2770 2522 2827 2575 δὲ
2858 2524 3019 2591 ἡμῶν
3068 2523 3297 2591 γέγονεν
3348 2526 3382 2594 ἡ
3441 2523 3534 2576 τοῦ
3568 2521 3707 2575 Θεοῦ
3752 2523 3972 2592 ἐντολὴ,

2382 2614 2411 2665 ὁ
2426 2615 2796 2682 πνευματικὸς
2816 2616 3003 2682 νόμος,
3025 2617 3053 2668 ὁ
3071 2615 3288 2685 ἀληθῶς
3308 2616 3712 2685 Χριστοφὸρος,
3740 2616 3769 2666 ὁ
3789 2615 3976 2683 φέρων

2385 2704 2646 2775 ἐνὲαυτῷ
2676 2704 2770 2757 τοῦ
2795 2704 3034 2775 Χριστοῦ
3100 2708 3168 2757 τά
3228 2706 3570 2775 ἐντάλματα.
3637 2707 3839 2775 Μήτηρ
3915 2707 3971 2757 δὲ

2384 2796 2593 2865 ήμῶνή
2630 2797 2886 2865 αἴσθησις
2918 2797 2980 2861 ἐξ
3006 2797 3179 2865 αὐτῆς
3219 2798 3496 2864 γενέσεως
3529 2799 3699 2868 ἡμᾶς,
3735 2793 3850 2850 οἷον
3878 2817 3974 2849 τε-

2385 2887 2576 2950 κοῦσα,
2618 2888 2715 2941 καὶ
2736 2888 3097 2958 τιθηνήσασα.
3141 2888 3327 2960 Ταύτῃ
3355 2889 3486 2957 γοῦν
3547 2890 3789 2958 ἀρχῆθεν
3824 2895 3968 2942 ἀκο-

2386 2980 2753 3050 λουθήσαντες
2783 2982 2896 3043 τοῖς
2927 2980 3206 3050 αἰσθητοῖς
3261 2981 3707 3052 συνεφύρθημεν,
3762 2983 3837 3045 ὼς
3891 2985 3974 3036 εἴ-

2385 3072 2530 3125 δωλα
2560 3072 2660 3144 τὴν
2686 3072 2817 3141 ὓλην
2846 3074 3203 3143 τιμήσαντες,
3237 3076 3331 3127 καὶ
3362 3073 3453 3127 διὰ
3491 3074 3698 3144 ταύτης
3747 3076 3974 3128 οἰκειω-

707 3161 881 3226 pretio
909 3160 1190 3224 habentes,
1222 3172 1275 3213 et
1309 3176 1404 3232 per
1430 3162 1541 3215 hate
1569 3178 1691 3215 rum
1725 3164 1908 3214 mundi
1935 3163 2178 3232 principe
2203 3164 2282 3217 fa-

2389 3164 2578 3227 θέντες
2635 3166 2711 3235 τῷ
2746 3166 3181 3236 κοσμοκράτορι,
3214 3167 3410 3236 ἄτιμον
3467 3166 3632 3237 τιμὴν
3686 3167 3975 3231 καὶδόξαν

713 3250 1020 3302 miliaritate
1071 3249 1370 3318 conjuncti,
1399 3261 1447 3305 el
1492 3252 1837 3306 inhonestum
1886 3254 2147 3309 honorem
2180 3255 2280 3323 (2),

709 3352 761 3392 et
796 3341 992 3393 numm
1023 3342 1148 3395 inde
1189 3344 1416 3412 gloriam
1479 3345 1623 3397 velut
1655 3346 1973 3400 limreditate
2003 3348 2282 3401 consecuti

710 3442 765 3483 et
814 3434 865 3486 in
913 3434 1257 3501 improbitate
1308 3438 1525 3490 velutiu
1557 3436 1848 3508 [Egyptnm
1898 3442 2285 3495 contendentes

707 3538 1108 3594 persecutores,
1135 3530 1428 3599 hostesque
1449 3535 1666 3587 vii-tntis
1688 3535 2013 3588 exstitimus.
2036 3534 2139 3589 Sed
2166 3548 2286 3603 qua}

709 3618 762 3670 in
794 3621 992 3672 mundo
1027 3621 1116 3674 Dei
1152 3621 1517 3676 nmnifestatio
1548 3623 1687 3679 facta
1722 3637 1804 3680 est
1835 3626 1998 3697 335
2036 3642 2129 3695 per
2152 3626 2281 3681 Uni-

708 3713 872 3780 geniti
911 3714 1337 3769 incarnationem
1362 3718 1427 3770 ad
1459 3720 1715 3786 pietatem
1751 3736 1849 3773 nos
1873 3723 1941 3774 ab
1976 3721 2227 3787 hujusmo
2253 3720 2283 3773 ii

708 3819 896 3856 errore
926 3806 1166 3869 deduxit,
1187 3818 1239 3861 et
1271 3824 1363 3874 per
1386 3810 1543 3863 fidem
1569 3827 1596 3863 a
1627 3826 1879 3878 perversa
1922 3812 2003 3865 via
2040 3814 2283 3867 retraxit.

710 3894 772 3945 lit
799 3898 1046 3961 quamvis
1076 3913 1266 3952 sensus
1293 3902 1779 3967 concupiscentia,-
1799 3914 1971 3956 mater
2001 3904 2160 3958 nobis
2183 3904 2284 3956 ad-

706 3990 968 4054 versaria,
1031 3991 1299 4059 negotium
1360 3991 1614 4055 facessat,
1654 4004 1709 4047 et
1744 3995 1881 4061 apud
1915 3994 2133 4049 Satanae
2187 3996 2287 4049 iiii-

707 4081 909 4134 nistros
939 4083 1281 4148 eriminetur,
1312 4093 1365 4136 et
1398 4086 1727 4138 tcntationes
1753 4086 1886 4138 alias
1936 4101 2096 4154 super
2148 4087 2283 4139 alias

706 4176 926 4234 excitet,
958 4190 1094 4240 quas
1126 4174 1309 4239 λύκος,
1340 4176 1390 4229 id
1416 4189 1517 4241 εει,
1552 4178 1706 4244 lupus
1738 4179 1824 4231 ille
1858 4179 1957 4232 sub
1981 4178 2286 4245 intelligen-

709 4262 834 4313 ti.nn
859 4264 1078 4326 cadens,
1112 4267 1265 4333 quasi
1294 4265 1508 4328 λούκιος
1536 4268 1708 4321 lucius
1740 4270 1991 4321 admovet
2027 4270 2203 4322 nobis.
2226 4269 2285 4323 Si

706 4356 922 4419 quidem
956 4370 1154 4407 corona
1211 4358 1397 4409 donari
1437 4360 1701 4425 cupimus,
1735 4374 1998 4427 generose
2048 4362 2283 4413 obsiste-

706 4462 851 4515 tnns,
883 4457 939 4501 ut
975 4450 1025 4502 in
1054 4449 1251 4503 virtute
1281 4450 1627 4519 proficientes
1659 4465 1912 4522 tanquam
1937 4454 2184 4521 Procopii
2214 4454 2288 4506 si-

2388 3259 2677 3327 ἐπίκαιρον
2707 3257 3149 3327 κληρωσάμενοι,
3190 3260 3285 3311 καὶ
3313 3259 3389 3321 ὡς
3415 3260 3495 3321 είς
3525 3261 3808 3327 Αἴγυπτον
3829 3262 3974 3329 πρὸς

2386 3351 2486 3419 τὴν
2522 3349 2720 3403 κακίαν
2757 3351 3129 3420 στελλόμενοι,
3162 3352 3390 3405 διῶκται
3438 3353 3538 3422 τῆς
3595 3354 3822 3423 ἀρετῆς,
3873 3354 3976 3406 καὶ

2390 3440 2641 3509 πολέμιοι
2669 3444 3137 3511 χρηματίσαντες.
3189 3444 3331 3497 Ἀλλ’
3360 3447 3393 3515 ή
3422 3446 3695 3517 γενομένη
3768 3449 3827 3499 ἐν
3890 3447 3974 3515 τῷ

2391 3532 2579 3601 κόσμῳ
2612 3532 2884 3601 ἐμφάνεια
2919 3533 3014 3586 τοῦ
3040 3534 3176 3587 Θεοῦ
3210 3534 3297 3589 διὰ
3337 3536 3439 3606 τῆς
3494 3538 3975 3607 ἐνανθρωπήσεως

2387 3623 2484 3674 τοῦ
2538 3624 2907 3691 Μονογενοῦς,
2986 3628 3302 3697 μετήγαγεν
3361 3631 3507 3699 ἡμᾶς
3554 3630 3656 3699 τῆς
3707 3635 3978 3702 τοιαύτης

2389 3716 2599 3786 πλάνης
2626 3717 2762 3785 πρὸς
2788 3716 2886 3787 τὴν
2921 3718 3227 3781 εὐσέϐειαν,
3251 3721 3349 3772 καὶ
3388 3722 3702 3794 ἀπέστρεψε
3738 3727 3839 3794 τῆς
3874 3744 3978 3777 πο-

2390 3809 2559 3875 νηρᾶς
2591 3807 2713 3861 ὁδοῦ
2740 3808 2829 3867 διὰ
2870 3810 3129 3874 πίστεως,
3188 3812 3291 3863 κᾶν
3337 3815 3371 3883 ἡ
3419 3814 3657 3883 πολεμία
3722 3817 3912 3887 μήτηρ
3942 3820 3979 3887 ἡ

2388 3903 2642 3972 αἴσθησις
2666 3903 2879 3972 ἐνοχλεῖ
2898 3902 3264 3957 διαϐάλλουσα
3296 3906 3449 3975 ἡμᾶς
3481 3909 3615 3977 πρὸς
3633 3909 3763 3971 τοὺς
3791 3911 3978 3980 ὑπηρ-

2387 3995 2516 4057 έτας
2547 3995 2641 4047 τοῦ
2686 3995 2921 4059 Σατανᾶ,
2954 3997 3052 4049 καὶ
3075 3999 3423 4067 πειρασμοὺς
3449 4000 3582 4067 ἡμῖν
3630 3999 3980 4071 ἀλλεπαλλήο

2387 4082 2514 4144 λους
2544 4083 2855 4152 ἐγείρουσα,
2889 4082 2982 4146 οὓς
3008 4086 3142 4152 ἡμῖν
3171 4085 3430 4154 προξενεῖ
3460 4088 3487 4137 ὁ
3537 4089 3729 4157 νοητὸς
3786 4090 3978 4153 λύκος,

2387 4174 2462 4233 ὠς
2492 4175 2735 4238 λούκιος.
2756 4176 2816 4228 El
2836 4174 2970 4243 γοῦν
2995 4181 3319 4244 στεφανίται
3348 4179 3605 4247 γενέσθαι
3639 4180 3978 4249 βουλόμεθα,

2387 4269 2735 4338 ἀντιστῶμεν
2765 4264 3182 4335 γενναίως,’ἱ’να
3214 4275 3337 4325 κατ’
3387 4274 3591 4344 ἀρετὴν
3632 4278 3981 4347 προκοπτον·

2387 4380 2478 4425 τες
2508 4362 2805 4431 γενοίμεθα
2833 4363 2900 4415 δι’
2942 4362 3121 4433 ἔργων
3155 4366 3451 4434 προκόποι.
3486 4366 3646 4420 Οὕτω
3697 4369 3810 4436 γὰρ
3840 4386 3979 4438 προ-

2389 4455 2602 4526 αιρέσει
2636 4454 3000 4524 ἀθλήσαντες,
3034 4457 3130 4509 καὶ
3168 4457 3270 4527 τὴν
3300 4457 3628 4527 ἐνοχλοῦσαν
3676 4460 3814 4528 ἡμῖν
3888 4463 3977 4511 αῖς

1936 4610 2258 4671 Francisci
2289 4611 2497 4670 Scorsi
2535 4618 2726 4672 notas.

779 4734 892 4807 (ἷξε)
926 4732 1108 4789 (ἔς-υσεδ
1138 4736 1327 4805 quippe
1353 4738 1578 4807 signant.
1614 4735 1760 4807 lianc
1783 4752 1893 4788 rem
1914 4735 2274 4807 fusiusenar-
2314 4740 2358 4795 D

707 4816 787 4873 rat
826 4803 1089 4873 Metaphr.
1130 4803 1244 4859 loco
1297 4803 1461 4857 (ιιιιιῖο
1495 4821 1675 4870 supra.
1715 4805 1880 4859 Porro
1915 4808 2013 4859 hoc
2046 4805 2277 4858 miracu-

708 4872 819 4944 lum
882 4884 934 4927 et
974 4872 1262 4928 ostentum
1330 4878 1508 4929 rrueis
1563 4876 1620 4928 S.
1682 4876 1943 4944 Proropio
1999 4874 2278 4935 oblatum,

710 4941 909 5015 iectum
960 4956 1063 5015 est,
1097 4946 1149 4999 in
1181 4961 1254 4999 vti
1306 4948 1513 5015 synodo
1568 4945 1798 4999 (Erum.
1852 4941 1969 4998 Nic.
2003 4961 2063 5006 ll,
2092 4949 2155 4995 ad
2190 4944 2288 5015 de-

707 5013 1140 5086 femioueiuSS.
1194 5013 1510 5086 imaginum,
1562 5018 1628 5070 de
1658 5033 1763 5084 quo
1798 5019 1957 5070 etiam
1995 5017 2189 5069 Barou.
2230 5014 2283 5066 in

707 5079 862 5135 Notis
895 5088 959 5136 ad
978 5085 1198 5157 Martyr.

787 5174 897 5261 (99)
955 5174 1252 5261 Ρνοίετιιιηι
1286 5177 1339 5228 in
1372 5177 1809 5261 ‘vera‘reiigione,
1843 5186 1948 5229 etc.
1973 5174 2283 5261 "Procopius

710 5246 1013 5312 Προκόπιος
1039 5246 1223 5299 Greece
1244 5246 1396 5315 παρὰ
1424 5248 1487 5298 τὸ
1535 5249 1832 5316 προκύπτω
1866 5247 2102 5314 proﬁcio.
2133 5247 2285 5302 Unde

711 5316 983 5384 προκοπαί
1033 5320 1399 5384 promotiones
1436 5318 1613 5386 Etym.
1646 5334 1786 5385 mag.

787 5410 860 5471 (li
890 5406 1083 5463 Sensus
1112 5426 1252 5464 vero.
1279 5409 1332 5461 In
1364 5408 1554 5464 Graeco
1584 5410 1837 5463 idiomate
1879 5410 2015 5463 belle
2041 5412 2284 5477 procedit

710 5478 986 5543 allegoria,
1038 5497 1139 5548 qua
1189 5481 1441 5546 αἴσθησις
1497 5496 1595 5533 vox
1653 5480 1849 5532 lemina
1882 5491 2052 5533 mater
2083 5482 2284 5534 dicitur

712 5561 933 5614 nostra;
995 5550 1183 5604 Latine
1207 5566 1334 5603 vero
1376 5551 1584 5604 seilicet
1616 5565 1805 5603 sensus
1846 5551 2058 5604 dicatur
2087 5565 2280 5614 mater,

712 5635 818 5690 non
853 5621 924 5671 ita
969 5626 1142 5674 deeet.
1189 5620 1373 5687 Itaque
1423 5624 1553 5673 Verti
1589 5637 1773 5674 vocem
1813 5621 2066 5690 αἴσθησιν
2090 5637 2282 5675 sensus

712 5688 1047 5755 illecebram,
1108 5702 1163 5742 nt
1197 5703 1426 5745 mentem
1460 5693 1718 5753 auctoris,
1769 5708 1885 5756 qua:
1916 5688 1980 5745 ei
2019 5704 2127 5745 tota
2162 5693 2285 5745 alle-

714 5775 862 5824 goria
888 5763 1019 5812 satis
1041 5762 1301 5829 aperitur,
1332 5776 1384 5814 et
1402 5764 1633 5829 aliquam
1659 5765 2054 5828 pri-portionem
2089 5778 2279 5817 vocum

719 5831 853 5881 ttitct
894 5849 1110 5886 serit-um
1143 5844 1193 5884 cl
1229 5833 1850 5899 t‘atrcmexprimerent.

2457 4734 2534 4801 l2)
2594 4731 2933 4785 Inhonestum
3002 4735 3271 4788 honorem.
3328 4735 3445 4790 Vim
3524 4747 3579 4791 et
3627 4748 3973 4791 venustatem

2387 4803 2697 4874 Grmcarum
2727 4805 3130 4873 Vocumdtzpov
3152 4806 3321 4874 τιμὴν
3353 4808 3550 4872 quibus
3581 4824 3716 4862 usus
3757 4824 3971 4873 auctor,

2390 4873 2530 4928 haud
2561 4871 2674 4925 scio
2693 4888 2761 4943 an
2800 4874 2902 4926 sim
2933 4871 3226 4929 assecutus
3244 4890 3338 4943 per
3375 4871 3596 4931 Latinas
3632 4871 3971 4931 inhonestum

2389 4942 2768 5015 honoremgiis
2802 4952 2950 4996 certe
2983 4942 3261 4997 abundant
3299 4945 3499 5011 Graeci,
3547 4949 3710 5001 Attici
3759 4952 3973 5015 potissi-

2391 5029 2559 5087 muni,
2589 5013 2791 5087 quibus
2813 5026 3143 5087 opponentes
3167 5016 3233 5068 ad
3257 5032 3453 5070 nomen
3488 5034 3519 5071 a
3563 5033 3720 5071 suum
3763 5013 3974 5087 στερη-

2388 5084 2540 5157 τικον
2585 5084 2758 5157 multa
2782 5083 3016 5157 breviter
3042 5087 3360 5157 enuntiant,
3380 5088 3470 5141 sed
3505 5089 3724 5157 gravida
3752 5083 3969 5142 sensus.

2391 5165 2448 5206 ut
2472 5152 2609 5224 illud_
2630 5151 2881 5222 Ἐχθρῶν
2925 5153 3109 5224 ἄδωρα
3126 5154 3296 5223 δῶρα,
3336 5151 3680 5210 Ιηὶιηὶξοηιηι
3700 5163 3847 5210 dona
3871 5176 3970 5210 uun

2388 5225 2547 5284 dona,
2598 5222 2784 5297 id_eSt,
2819 5222 3090 5292 suspecta,
3136 5222 3331 5293 notia;
3362 5239 3415 5281 et
3448 5245 3462 5281 :
3503 5230 3687 5297 Τάφος
3738 5231 3967 5293 ἄταςος.

2389 5298 2559 5359 Quam
2612 5293 2764 5347 visus
2814 5304 2899 5345 est
2958 5297 3266 5362 exprimere
3318 5298 3508 5352 Cicero
3556 5293 3609 5352 in
3647 5300 3967 5357 Miloniana,

2385 5379 2508 5416 cum
2544 5362 2688 5438 illam
2724 5364 3035 5438 insepuitam
3058 5366 3381 5438 sepulturam
3412 5372 3577 5432 dixit;
3600 5372 3666 5421 ad
3688 5388 3853 5438 quem
3897 5388 3966 5421 rio

2388 5445 2497 5486 tum
2518 5432 2779 5497 Catullus,
2813 5435 2880 5487 de
2906 5432 3120 5503 Nuptiis
3142 5435 3286 5489 Pelei
3314 5439 3367 5491 et
3400 5439 3556 5491 'fhei.
3584 5460 3597 5492 :

3206 5529 3338 5584 Cum
3386 5534 3521 5585 talia
3567 5532 3784 5587 Cretam

2551 5598 2765 5651 Funera
2788 5599 3058 5668 Cecropia
3087 5618 3187 5654 non
3218 5602 3403 5670 funera
3427 5618 3795 5670 portarentur.

2383 5691 2586 5748 Omitto
2613 5695 2713 5747 alia
2734 5694 3043 5748 Graecorum
3073 5709 3343 5751 sexcenta.
3383 5696 3522 5750 Idem
3556 5715 3709 5761 usus,
3730 5715 3787 5753 ct
3823 5704 3967 5754 lusus

2382 5782 2503 5816 cum
2542 5776 2677 5832 part.
2716 5765 2848 5839 Δδύς.
2885 5764 3126 5819 S.B.isil.
3174 5764 3383 5839 ἔρωτας
3433 5768 3769 5839 δυσέρωτας,
3811 5775 3964 5836 dixit,

2382 5852 2566 5905 iraros
2594 5845 2637 5887 et
2669 5836 2951 5888 e/I'reuator
2977 5852 3204 5890 amores.
3232 5836 3346 5891 Alia
3388 5840 3503 5892 alii.
3564 5836 3575 5839 ⁷
3956 5842 3959 5843 ⁷
