4168 6456
687 395 785 462 991

1892 400 2384 465 THEOPHANIS
2426 400 2770 462 CERAMEI

3854 406 3965 467 999

692 517 739 562 et
776 506 918 573 fons,
953 517 1008 563 et
1044 526 1180 580 aqua
1213 513 1279 577 ⁸³,
1317 522 1369 566 et
1407 514 1589 569 viuum
1621 516 1689 580 5‘,
1728 525 1780 569 et
1826 516 1950 570 vitis
1980 517 2047 576 ⁸³,
2076 524 2129 568 et
2166 530 2261 583 pe-

2382 514 2462 568 ιαὶ
2502 510 2671 581 οἶνος,
2697 515 2795 568 καὶ
2822 514 3091 585 ἄμπελος,
3119 515 3211 567 καὶ
3245 515 3444 583 πέτρα,
3507 516 3597 567 καλ.
3640 515 3810 577 λίθος,
3873 501 3968 570 καί

689 608 766 649 tra
801 598 870 664 ³⁸,
904 610 959 655 et
992 600 1127 669 lapis
1150 602 1214 665 ⁸⁷,
1257 612 1314 657 et
1343 604 1451 658 vita
1476 606 1543 668 ⁸⁸,
1578 612 1632 659 et
1666 606 1820 674 panis
1845 606 1911 671 ",
1940 615 1994 660 et
2049 620 2265 672 marga-

690 690 791 742 rita
821 691 868 722 ⁸⁰
893 694 1149 747 omnibus
1183 694 1275 762 qui
1314 695 1368 749 in
1405 697 1578 762 ipsum
1603 695 1834 751 credunt
1872 695 2053 751 factus
2081 696 2263 751 omnia

690 785 1039 854 proportione
1099 790 1373 857 quadam,
1434 797 1489 843 et
1536 790 1604 843 ad
1660 790 1927 860 cujusque
1971 790 2263 853 rationem,

690 873 1094 941 utilitatemque
1122 892 1183 931 se
1219 886 1460 934 vertens.
1488 879 1643 935 Nunc
1687 882 1850 948 igitur
1890 884 2066 953 magis
2098 882 2264 936 etiam

641 1034 644 1037 Α
689 966 919 1036 ﬁgurate
976 981 1036 1023 se
1080 971 1281 1024 ostium
1334 973 1579 1026 nominat
1618 988 1761 1044 :per
1805 975 1949 1045 quod
1996 976 2062 1029 ad
2101 976 2263 1028 vitam

689 1074 810 1120 nos,
847 1059 938 1129 qui
993 1061 1267 1117 credimus
1303 1062 1720 1119 introducimur.
1770 1065 1837 1119 Et
1872 1069 2127 1135 quoniam
2152 1068 2269 1134 ipse

691 1151 795 1203 vita
827 1159 931 1215 est,
963 1150 1364 1206 introducimur
1406 1168 1503 1222 per
1535 1156 1713 1225 ipsum
1754 1157 1820 1210 ad
1850 1157 2021 1223 ipsum
2051 1174 2063 1209 :
2102 1174 2121 1209 ι
2157 1156 2268 1228 Ego

689 1255 805 1293 sum
840 1241 1099 1299 ostium.»
1135 1243 1307 1297 Siculi
1336 1245 1481 1299 enim
1500 1247 1695 1301 ostium
1724 1248 1932 1318 primus
1966 1248 2018 1303 in
2048 1249 2265 1304 domum

689 1340 771 1384 est
804 1332 1003 1396 aditus,
1037 1332 1109 1387 ita
1133 1333 1386 1390 Salvator
1416 1347 1602 1391 uoster
1632 1335 1793 1393 Jesns
1814 1337 2069 1394 Christus
2098 1341 2263 1409 janua

690 1422 848 1478 nobis
876 1435 958 1479 est
984 1424 1183 1493 factus,
1212 1443 1310 1497 per
1338 1444 1501 1498 quam
1554 1432 1607 1483 in
1649 1433 1904 1485 virtutem
1947 1432 2265 1500 ingredere—

690 1527 831 1577 ntur,
859 1530 979 1567 rum
1012 1517 1218 1585 primus
1250 1520 1363 1589 ipse
1387 1521 1781 1574 consummarit
1808 1536 2026 1575 omnem
2051 1522 2268 1575 virtutis

690 1606 1097 1675 perfectionem.
1137 1610 1275 1676 Quin
1309 1612 1473 1665 etiam
1499 1627 1623 1666 cum
1654 1612 1727 1665 ita
1771 1623 1932 1667 natus
1964 1615 2031 1667 sit
2066 1614 2173 1677 ille,
2210 1620 2268 1667 ut

688 1708 834 1751 esset
865 1699 1076 1753 initium
1119 1704 1537 1756 resurrectionis
1576 1718 1639 1757 ex
1685 1704 1937 1767 mortuis,
1964 1714 2017 1757 et
2068 1704 2269 1769 primo-

689 1790 905 1856 genitus
957 1801 1294 1844 mortuorum
1328 1794 1395 1858 ⁸⁸,
1422 1793 1590 1859 jaoua
1638 1795 1799 1847 etiam
1842 1794 2269 1848 immortalitatis

2373 606 2510 674 ζωὴ,
2532 606 2626 659 καὶ
2652 608 2841 677 ἄρτος,
2868 606 2964 659 καὶ
2998 606 3325 677 μάργαρος,
3380 606 3663 673 ἀναλόγως
3720 609 3835 668 τοῖς
3888 608 3966 668 εἰς

2374 698 2541 750 αὑτὸν
2590 699 2991 753 πεπιστευκόσι
3007 698 3185 751 πάντα
3218 697 3540 766 γενόμενος,
3570 698 3666 749 καὶ
3695 698 3835 765 πρὸς
3866 700 3971 767 τὴν

2374 789 2609 841 ἑκάστου
2672 789 3093 860 ἐπιτηδειότητα
3163 789 3659 860 μεταμειϐόμενος.
3702 790 3817 841 Νῦν
3872 785 3969 840 οὖν

2374 882 2776 953 τροπικωτέρῳ
2809 880 2888 952 τῷ
2920 881 3063 952 λόγῳ
3088 881 3263 951 θύραν
3324 882 3587 935 ἐκάλεσεν
3646 882 3865 943 ἑαυτὸν,
3900 882 3969 934 δι’

2373 969 2442 1045 ἦς
2468 973 2604 1045 πρὸς
2624 973 2726 1043 τὴν
2751 973 2896 1044 ζωὴν
2926 975 2976 1026 οἱ
3032 973 3436 1037 πιστεύσαντες
3492 974 3834 1043 εἰσαγόμεθα
3868 975 3968 1043 δη-

2374 1066 2551 1119 λονότι
2595 1066 2664 1119 δι’
2706 1066 2872 1120 αὑτοῦ
2900 1067 2979 1129 εἰς
3010 1067 3173 1120 αὐτόν
3206 1085 3218 1097 ·
3262 1088 3280 1119 r
3321 1066 3467 1135 Ἐγώ
3509 1067 3628 1136 εἰμι
3672 1069 3702 1135 ὴ
3740 1066 3905 1137 θύρα.
3944 1087 3962 1115 ο

2376 1157 2589 1228 Ὠσπερ
2627 1158 2734 1226 γὰρ
2760 1160 2792 1227 ἡ
2820 1158 2961 1227 θύρα
2988 1158 3134 1228 ἀρχὴ
3173 1160 3275 1228 τῆς
3307 1161 3387 1221 εἰς
3410 1158 3509 1227 τὴν
3540 1158 3723 1211 οἰκίαν
3756 1157 3967 1210 εἰσόδου

2376 1251 2546 1312 ἐστὶν,
2580 1250 2723 1303 οὕτω
2752 1252 2849 1303 καὶ
2875 1255 2902 1303 ὁ
2935 1253 3127 1320 Σωτὴρ
3154 1252 3315 1320 ἡμῶν
3348 1250 3567 1321 Ἰησοῦς
3625 1251 3768 1321 θύρα
3804 1251 3970 1317 γέγο-

2377 1357 2466 1393 νεν
2498 1340 2631 1407 ἡμῖν
2661 1339 2761 1407 τῆς
2795 1340 2875 1400 είς
2903 1341 3002 1407 τὴν
3033 1340 3237 1408 ἀρετὴν
3299 1339 3682 1402 εἰσελεύσεως,
3749 1339 3969 1409 πρῶτος

2379 1428 2560 1479 πᾶσαν
2591 1427 2956 1496 κατορθωκὼς
2997 1430 3228 1500 ἀρετήν.
3263 1428 3372 1482 Καὶ
3400 1430 3508 1498 μὴν
3539 1432 3636 1482 καὶ
3664 1431 3765 1499 τῆς
3791 1432 3855 1482 ἐκ
3882 1448 3970 1481 νε-
4020 1495 4025 1498 ᾔ

2376 1515 2526 1583 κρῶν
2562 1516 2920 1579 ἀναστάσεως
2953 1519 3121 1589 ἀρχὴ.
3171 1521 3267 1571 καὶ
3300 1520 3650 1589 πρωτότοκος
3677 1518 3963 1587 πεφυκὼς,

2379 1608 2519 1677 θύρα
2552 1608 2653 1676 τῆς
2681 1610 2993 1677 ἀφθαρσίας
3016 1613 3152 1680 ἡμῖν
3170 1614 3536 1682 ἐχρημάτισε,
3569 1613 3664 1664 καὶ
3696 1613 3793 1681 τὴν
3824 1613 3967 1680 ὑπὲρ

2381 1700 2537 1769 ἡμῶν
2568 1702 2889 1769 οἰκονομίαν
2944 1704 3352 1774 πεπληρωκὼς,
3399 1706 3496 1756 καὶ
3555 1706 3633 1766 εἰς
3695 1704 3968 1775 οὐρανοὺς

2381 1790 2864 1859 ἀναπεφοιτηκὼς,
2897 1795 3140 1857 καὶτοῖς
3194 1798 3488 1864 πατρικοῖς
3539 1795 3741 1857 θώκοις
3799 1813 3968 1847 κεκα-

689 1883 1018 1936 constitutus
1053 1893 1135 1937 est
1180 1885 1359 1939 nobis.
1406 1884 1653 1954 Cumque
1696 1885 1877 1939 omnia
1921 1885 2266 1956 perfecisset,

2382 1879 2583 1948 θηκὼς,
2622 1881 2741 1943 ὁδὸς
2766 1883 2900 1951 ἡμῖν
2932 1882 3149 1951 γέγονε,
3183 1884 3279 1936 καλ.
3308 1883 3450 1953 θύρα
3475 1884 3575 1951 τῆς
3616 1884 3961 1945 ἀναδάσεως.

688 1989 808 2041 quae
860 1984 1049 2029 nostra
1087 1991 1249 2031 causa
1279 1976 1540 2045 disposita
1584 1977 1820 2043 fuerant,
1864 1990 1918 2032 et
1950 1980 2271 2035 revertisset

692 2067 743 2119 in
774 2067 969 2123 cmlum
1002 2078 1057 2123 et
1106 2069 1156 2121 iu
1189 2068 1367 2124 Patris
1401 2071 1538 2124 solio
1586 2073 1938 2134 consedisset,
1971 2080 2026 2126 et
2056 2074 2139 2127 via
2172 2087 2270 2126 no-

692 2159 796 2224 bis,
827 2171 880 2216 et
909 2161 1076 2231 janua
1123 2174 1321 2219 nostra:
1374 2166 1710 2220 ascensionis
1763 2177 1846 2221 est
1897 2165 2089 2221 lactus.
2147 2165 2270 2221 Haec

694 2267 827 2306 vero
863 2255 1050 2308 eadem
1090 2254 1257 2323 janua
1299 2266 1528 2327 angusta
1566 2268 1719 2325 porta
1764 2258 1891 2313 alibi
1946 2258 2268 2328 appellatur.

689 2344 759 2396 de
805 2357 911 2412 qua
949 2343 1203 2400 Salvator
1237 2348 1313 2400 ait
1346 2366 1358 2402 :
1395 2367 1413 2399 ι
1448 2348 1650 2403 Intrate
1687 2365 1783 2416 per
1815 2359 2099 2419 angustam
2151 2365 2271 2419 por-

693 2441 801 2485 tam
827 2433 909 2496 “;
952 2452 971 2484 ι
1009 2450 1133 2488 nam
1176 2446 1227 2490 et
1260 2447 1486 2506 angusta
1538 2449 1689 2507 porta
1746 2436 2130 2508 incipientibus
2164 2447 2265 2505 est,

696 2523 785 2592 qui
823 2539 928 2577 non
978 2525 1155 2580 adhuc
1204 2526 1255 2579 iu
1307 2528 1655 2581 meditatione
1712 2530 1929 2584 virtutis
1985 2530 2269 2583 exercitati

697 2624 854 2681 sunt;
890 2616 1090 2669 ostium
1120 2632 1247 2671 vero
1274 2618 1533 2686 amplum,
1567 2635 1631 2673 ac
1685 2630 1876 2689 patens
1914 2622 1980 2674 iis
2017 2621 2107 2691 qui
2156 2621 2273 2691 ejus

697 2705 941 2759 habitum
967 2706 1080 2774 jam
1111 2721 1499 2777 centpararuut
1532 2729 1547 2763 :
1582 2718 1637 2763 et
1665 2725 1809 2764 nunc
1841 2711 2058 2779 quidem
2093 2712 2272 2765 omni-

696 2803 795 2853 htts
825 2799 1135 2854 volentibus
1159 2802 1435 2869 panditur,
1475 2802 1525 2855 in
1559 2801 1741 2856 futura
1773 2817 1902 2857 vero
1939 2804 2045 2857 vita
2090 2803 2156 2857 iis
2180 2804 2272 2872 qui

696 2892 945 2958 tmparati
965 2891 1186 2956 fuerint,
1208 2893 1499 2957 clauditur,
1524 2895 1600 2947 ttti
1625 2910 1690 2949 ex
1717 2896 1983 2964 virginum
2014 2895 2271 2964 parabola

696 2982 800 3046 iam
825 2982 1443 3050 didicitnunguouiam
1475 3002 1602 3040 vero
1645 2986 1701 3039 in
1737 2987 1900 3040 rebus
1934 3002 2097 3041 sensu
2149 3001 2273 3057 per-

696 3077 865 3143 ceptis
917 3075 1062 3128 aliud
1115 3080 1337 3143 ostium,
1384 3079 1530 3132 aliud
1580 3089 1764 3148 pastor
1805 3088 1927 3145 est,
1978 3079 2067 3133 hic
2126 3087 2274 3133 certe

696 3164 834 3217 idem
900 3168 1055 3221 nobis
1111 3170 1395 3239 utriusque
1453 3172 1624 3224 vicem
1673 3172 1808 3242 gerit
1869 3173 2273 3227 introeuntibus

2391 1970 2453 2022 'H
2482 1972 2621 2040 θύρα
2648 1972 2705 2024 δὲ
2738 1972 2879 2043 αῦτη
2903 1975 2997 2025 καὶ
3030 1975 3191 2043 στενὴ
3226 1974 3372 2043 πύλη
3422 1976 3481 2026 ἐν
3508 1973 3689 2037 ἄλλοις
3744 1975 3968 2043 ὠνόμα-

2381 2082 2526 2131 σται,
2559 2066 2685 2136 περί
2709 2062 2777 2138 ἦς
2797 2084 2963 2137 φησιν
2995 2069 3022 2119 ὁ
3052 2067 3250 2137 Σωτήρ
3284 2086 3297 2098 ·
3360 2086 3379 2119 ι
3417 2066 3703 2121 Εἰσέλθετε
3729 2066 3821 2120 διὰ
3870 2071 3969 2137 τῆς

2381 2156 2574 2224 στενῆς
2601 2154 2798 2227 πύλης.
2842 2175 2860 2208 ›
2902 2156 3012 2209 Καὶ
3040 2158 3202 2229 στενὴ
3233 2158 3331 2229 μὲν
3359 2159 3391 2227 ἡ
3426 2157 3565 2227 πύλη
3598 2160 3715 2221 τοῖς
3742 2159 3968 2224 εἰσαγο-

2383 2252 2566 2322 μένοις
2598 2250 2832 2319 γίνεται,
2862 2248 2946 2314 οἷς
2978 2251 3059 2304 ἔτι
3110 2252 3467 2321 ἀγύμναστος
3523 2253 3673 2303 ἐστιν
3733 2252 3766 2318 ἡ
3821 2249 3969 2318 ψυχὴ

2380 2345 2516 2414 πρὸς
2545 2344 2645 2415 τὴν
2670 2344 2766 2397 τοῦ
2800 2343 2968 2396 καλοῦ
2997 2344 3356 2414 κατανόησιν.
3387 2344 3543 2412 Θύρα
3600 2343 3659 2396 δὲ
3694 2344 3971 2395 ἀναπετα-

2384 2437 2519 2506 μένη
2553 2438 2669 2499 τοῖς
2697 2438 2755 2489 ὲν
2783 2437 2896 2503 ἕξει
2926 2437 3179 2503 γεγονόσι
3214 2436 3312 2503 τῆς
3353 2435 3557 2505 ἀρετῆς
3588 2453 3601 2466 ι
3624 2434 3719 2487 καὶ
3738 2433 3835 2486 νῦν
3870 2432 3971 2501 μὲν

2379 2531 2492 2592 τοῖς
2520 2528 2875 2599 βουλομένοις
2905 2529 3073 2580 πᾶσιν
3105 2528 3384 2594 ἀνέῳκται
3421 2546 3434 2558 ·
3486 2530 3543 2580 ὲν
3599 2527 3654 2579 δὲ
3709 2531 3775 2597 τῇ
3837 2526 3967 2594 μελ-

2380 2622 2552 2694 λούσῃ
2585 2621 2701 2692 ζωῇ
2737 2622 2849 2682 τοῖς
2877 2621 3185 2689 ἁνετοίμως
3236 2620 3419 2688 ἔχουσι
3474 2618 3733 2674 κλείεται.
3783 2617 3972 2680 καθὼς

2380 2716 2439 2767 ὲν
2465 2717 2531 2785 τῇ
2569 2713 2860 2784 παρθένων
2892 2712 3178 2782 παραϐολῇ
3214 2711 3644 2780 μεμαθήκαμεν.
3679 2710 3829 2763 Ἀλλ’
3877 2714 3973 2763 ἐπὶ

2385 2807 2485 2876 μὲν
2514 2806 2625 2859 τῶν
2650 2806 2925 2875 αἰσθητῶν
2971 2805 3104 2874 ἄλλη
3164 2804 3261 2874 μὲν
3389 2804 3550 2873 θύρα,
3605 2804 3792 2873 ἕτερος
3830 2804 3888 2855 δὲ
3948 2807 3974 2854 ὸ

2382 2900 2589 2968 ποιμήν
2616 2915 2631 2931 ⁸
2659 2898 2894 2952 ἐνταῦθα
2926 2898 3004 2959 δὲ,
3031 2900 3059 2950 ὁ
3082 2897 3250 2959 αὐτὸς
3275 2898 3415 2966 ἡμῖν
3440 2898 3733 2966 ἀμφότερα.
3759 2897 3972 2964 γίνεται

2382 2990 2614 3043 εἰσιοῦσι
2652 2990 2752 3059 μὲν
2781 2988 2942 3059 θύρα,
2980 2987 3187 3051 ἐξιοῦσι
3219 2989 3275 3041 δέ
3319 3005 3384 3056 γε
3447 2992 3689 3057 ποιμήν·
3756 2991 3851 3040 καὶ
3899 2990 3975 3057 μὴ

2383 3082 2673 3153 θαυμάσῃς
2700 3084 2747 3135 εἰ
2768 3084 2795 3133 ὁ
2823 3082 2991 3143 αὐτὸς
3027 3081 3317 3151 ἀμφότερα
3360 3082 3594 3149 γίνεται.
3632 3081 3745 3133 Καὶ
3773 3081 3975 3149 Πέτρῳ

2385 3176 2493 3242 γὰρ
2523 3173 2838 3243 ἐγχειρίσας
2886 3171 3094 3241 ταύτης
3126 3173 3228 3240 τῆς
3269 3171 3441 3241 θύρας
3489 3172 3586 3234 τὰς
3646 3172 3820 3234 κλεῖς,
3882 3175 3976 3223 τὶν

696 3255 909 3324 quidem
972 3258 1195 3321 ostium,
1245 3258 1440 3313 Pastor
1474 3276 1603 3315 vero
1645 3271 1729 3316 est
1774 3263 2122 3317 exeuntibus.
2163 3262 2272 3317 Nec

2382 3262 2543 3315 αὑτὸν
2604 3264 2696 3315 καὶ
2747 3261 3080 3326 κλειδοῦλον,
3161 3264 3257 3315 καὶ
3335 3262 3572 3332 ποιμένα
3630 3264 3974 3332 χειροτονεῖ⁶

698 3363 821 3400 vero
853 3352 1069 3415 ntirere,
1096 3352 1138 3404 si
1173 3352 1313 3404 idem
1347 3361 1637 3421 utrumque
1672 3352 1759 3405 sit.
1798 3352 1935 3405 Nam
1961 3354 2121 3407 etiam
2146 3368 2269 3406 cum

2386 3373 2405 3406 ι
2444 3355 2639 3418 Βόσκε,
2672 3352 2870 3420 λέγων,
2898 3353 2968 3404 τὰ
2997 3354 3160 3422 ἀρνία
3196 3372 3319 3421 μου.
3360 3372 3378 3403 ι

697 3437 855 3496 Petro
902 3442 1132 3512 hujusce
1181 3444 1358 3513 jauuae
1406 3443 1639 3496 credidit
1688 3443 1893 3508 claves,
1943 3446 2193 3498 eumdem
2228 3453 2283 3499 et
2319 3444 2675 3517 clavigerum,
2718 3454 2771 3501 et
2815 3455 3095 3515 pastorem
3146 3447 3423 3501 instituit:
3463 3466 3480 3498 ι
3520 3446 3707 3512 Pasce,
3768 3446 3973 3515 inquit.

695 3550 823 3590 oves
856 3550 1032 3601 meas;
1078 3554 1097 3587 ι
1135 3544 1188 3590 et
1215 3554 1259 3589 τι
1293 3536 1460 3591 Pasce
1488 3552 1655 3604 agnos
1692 3554 1843 3593 nteos
1865 3540 1929 3593 ".
1967 3557 1985 3589 ι

771 3652 789 3683 ι
819 3632 916 3687 Per
936 3649 1022 3687 me
1040 3634 1082 3688 si
1104 3636 1223 3703 quis
1244 3635 1536 3701 introierit,
1556 3639 1872 3705 salvabitur,
1889 3659 1905 3690 ι
1928 3650 1978 3693 et
1994 3640 2117 3708 jure
2152 3644 2275 3709 qui-

696 3724 814 3777 dem
833 3725 1059 3793 optimo.
1085 3725 1138 3779 Si
1173 3726 1317 3779 enim
1344 3729 1458 3798 ipse
1483 3730 1627 3799 regni
1655 3731 1916 3784 cmlorunt
1943 3740 2027 3784 est
2050 3732 2274 3795 ostium,

696 3817 996 3870 salvabitur
1019 3818 1227 3885 utique,
1246 3821 1336 3887 qui
1369 3836 1461 3890 per
1483 3823 1656 3891 ipsum
1673 3822 2000 3890 ingreditur.
2021 3823 2119 3888 Qui
2150 3840 2277 3877 vero

696 3910 1027 3979 przetcrierit
1053 3911 1275 3974 ostium,
1301 3920 1356 3965 et
1384 3914 1549 3966 veluti
1588 3914 1693 3979 l'ur,
1725 3926 1777 3968 et
1800 3914 1936 3967 latro
1958 3915 2153 3968 Stahuli
2180 3930 2277 3983 pa-

698 4000 862 4055 rietes
889 4002 1226 4067 transilierit,
1254 4018 1281 4056 a
1305 4006 1618 4059 custodibus
1640 4006 1818 4059 ovium
1846 4006 2279 4074 deprehendetur

697 4094 752 4146 iu
780 4091 947 4159 furto,
979 4104 1031 4148 et
1058 4109 1274 4165 ptenam
1305 4099 1554 4152 nocturni
1591 4099 1929 4154 insidiatoris
1961 4100 2089 4153 luet.
2127 4098 2278 4152 Dicet

701 4205 829 4243 vero
859 4188 1097 4245 fortasse
1132 4191 1401 4261 quispiam
1436 4193 1801 4249 suhdtthitans
1835 4211 1847 4246 :
1879 4194 1935 4248 Si
1969 4193 2169 4247 bonum
2194 4198 2280 4245 est

700 4298 797 4353 per
817 4284 921 4339 hoc
949 4286 1151 4339 ostium
1186 4286 1434 4349 introire,
1459 4298 1511 4340 et
1543 4286 1597 4340 in
1624 4286 1838 4339 beatum
1870 4288 1971 4340 hoc
2027 4268 2167 4340 ovile
2199 4288 2278 4339 in-

700 4378 953 4442 tromitti,
981 4392 1113 4448 ergo
1144 4378 1295 4433 exire
1334 4378 1497 4449 387
1532 4379 1891 4447 periculosum
1914 4380 2014 4433 erit
2044 4397 2056 4432 :
2082 4380 2280 4449 quibus

698 4469 844 4523 enim
882 4470 933 4522 in
968 4469 1130 4524 rebus
1164 4471 1424 4524 introitus
1464 4473 1633 4525 bonus
1664 4480 1765 4535 est,
1796 4487 1901 4523 non
1946 4471 2129 4524 itidem
2160 4471 2277 4524 exi-

700 4572 786 4615 tus
818 4564 990 4617 bouus
1013 4572 1121 4617 est.
1147 4561 1262 4617 [Ioc
1292 4578 1421 4617 vero
1456 4564 1508 4616 in
1559 4564 1697 4627 loco,
1732 4580 1851 4632 quae
1886 4564 2115 4617 invicem
2146 4572 2278 4618 sunt

697 4656 944 4722 Opposita
973 4655 1113 4709 bona
1136 4670 1259 4711 esse
1288 4657 1595 4710 iudicantur
1627 4674 1641 4709 :
1672 4674 1690 4707 ι
1735 4656 2072 4725 lugredietur
2098 4657 2266 4718 enim,

698 4748 895 4816 inquit,
936 4757 991 4803 et
1039 4749 1382 4815 egredietur;
1432 4760 1489 4802 et
1534 4764 1733 4819 pascua
1784 4750 2041 4803 inveniet.
2077 4768 2097 4801 ι
2141 4748 2279 4815 Quid

698 4841 863 4909 igitur
881 4856 977 4911 per
1007 4842 1111 4896 hoc
1129 4842 1295 4907 aliud,
1321 4857 1480 4909 quam
1500 4842 1881 4897 interminatus
1906 4845 1956 4896 in
1983 4843 2181 4896 virtute
2201 4840 2279 4911 (7)

2460 3664 2481 3693 r
2519 3644 2597 3694 Δι’
2635 3642 2769 3712 ἐμοῦ
2796 3641 2894 3694 ἐάν
2933 3658 3016 3704 τις
3078 3641 3325 3712 εἰσέλθῃ,
3388 3641 3735 3711 σωθήσεται*
3776 3661 3795 3692 ι
3876 3643 3978 3695 καὶ

2383 3736 2531 3803 μάλα
2562 3734 2815 3797 εἰκότως.
2837 3735 2899 3787 Εἰ
2933 3734 3043 3803 γὰρ
3072 3734 3237 3796 αὐτός
3271 3735 3421 3788 ἔστιν
3458 3735 3491 3802 ἡ
3520 3734 3660 3802 θύρα
3704 3735 3806 3803 τῆς
3873 3734 3980 3802 βα-

2382 3822 2588 3884 σιλείας
2621 3822 2730 3875 τῶν
2754 3822 3026 3892 οὐρανῶν,
3047 3823 3076 3873 ὁ
3104 3823 3173 3875 δι’
3203 3824 3375 3891 αὐτῆς
3397 3822 3584 3875 εἰσιὼν
3613 3825 3833 3887 πάντως
3865 3841 3981 3877 σω-

2382 3914 2635 3983 θήσεται.
2678 3913 2737 3965 ὐ
2763 3913 2819 3965 δὲ
2850 3914 2947 3984 τὴν
2968 3914 3140 3983 θύραν
3194 3914 3373 3980 ἀφεὶς,
3429 3914 3524 3966 καὶ
3576 3909 3665 3966 οἷα
3708 3915 3977 3985 κλέπτης,

2380 4007 2474 4057 καὶ
2490 4005 2804 4077 λωποδύτης
2832 4007 3002 4076 τὸτῆς
3030 4005 3199 4076 αὐλῆς
3218 4007 3465 4077 θριγκίον
3491 4007 3845 4078 ὑπερ-πηδῶν,
3868 4010 3980 4062 ὑπὸ

2381 4097 2486 4148 τῶν
2518 4097 2618 4166 τῆς
2667 4097 2834 4168 αὐλῆς
2884 4098 3143 4167 φυλάκων
3200 4097 3485 4168 λῃστεύων
3533 4099 3845 4163 ἁλίσκεται,
3878 4101 3979 4151 καὶ

2381 4190 2688 4243 κινδυνεύει
2724 4191 3079 4261 νυκτιλοχῶν.
3103 4191 3241 4261 Φαίη
3274 4191 3331 4242 δέ
3351 4208 3432 4253 τις
3452 4192 3769 4262 ὲπαπορῶν,
3803 4196 3898 4245 καί
3930 4196 3978 4245 εἰ

2384 4283 2557 4335 καλόν
2589 4285 2708 4336 ἐστι
2736 4282 2797 4334 τὸ
2824 4281 2914 4334 διὰ
2943 4282 3043 4351 τῆς
3072 4281 3256 4353 ’θύρας
3297 4283 3502 4351 ταύτης
3553 4285 3846 4349 εἰσελθεῖν,
3879 4288 3980 4339 καὶ

2382 4376 2518 4428 εἴσω
2551 4374 2812 4443 γενέσθαι
2838 4374 2940 4443 τῆς
2988 4375 3271 4445 μακαρίας
3318 4375 3493 4444 αὐλῆς
3526 4393 3539 4406 ·
3562 4375 3675 4446 ἄρα
3723 4379 3788 4436 τὸ
3826 4379 3978 4443 ἐξελ-

2380 4451 2496 4519 θεῖν
2526 4467 2872 4520 ὲπικίνδυνον
2906 4484 2919 4497 ·
2952 4467 3011 4519 ἐν
3043 4460 3125 4529 οἷς
3152 4466 3266 4535 γὰρ
3291 4468 3325 4535 ἡ
3358 4468 3662 4528 εἰσέλευσις
3683 4468 3916 4534 ἀγαθον,
3946 4472 3977 4536 ἡ

2383 4562 2662 4627 ὲξὲλευσις
2698 4560 2803 4613 οὐκ
2834 4558 3041 4626 ἀγαθόν
3069 4574 3097 4593 ἠ
3120 4558 3356 4612 ἐνταῦθα
3380 4558 3529 4611 δὲτὰ
3588 4560 3851 4628 ἀλλήλοις
3881 4563 3977 4613 ἁν-

2383 4652 2674 4721 τικειμενα
2699 4650 3015 4705 δείκνυνται
3048 4650 3255 4718 ἀγαθά.
3310 4670 3329 4701 ι
3384 4650 3777 4705 Εἱσελεύσεται
3844 4655 3975 4722 γὰρ,

2386 4745 2541 4813 φησὶ,
2575 4746 2671 4796 καὶ
2707 4742 3080 4808 ἐξελεύσεται,
3124 4743 3221 4796 καὶ
3244 4743 3419 4814 νομὴν
3450 4744 3705 4812 εὑρήσει.
3732 4762 3751 4795 ι
3789 4746 3857 4797 Τί
3878 4742 3975 4798 οῦν

2384 4837 2472 4889 διὰ
2502 4835 2709 4888 τούτων
2742 4834 3003 4903 ἐμφαίνει
3032 4833 3183 4898 ἄλλο,
3214 4834 3247 4903 ἢ
3275 4833 3377 4903 τῆς
3411 4836 3534 4887 κατ’
3590 4834 3798 4905 ἀρετὴν
3837 4853 3980 4904 προ-

697 4932 974 5003 proiectus
1032 4935 1377 4990 ostenditur?
1417 4936 1586 4989 intrat
1639 4935 1859 5005 quidem
1915 4936 1966 5004 in
2016 4936 2271 4988 virtutem

2382 4930 2556 5000 κοπῆς
2578 4932 2640 4981 τὸ
2665 4928 2924 4997 ἀόριστον
2954 4944 2972 4996 ;
3008 4928 3223 4982 Εἰσεισι
3249 4928 3349 4998 μὲν
3391 4930 3498 4999 γὰρ
3522 4929 3663 4999 πρὸς
3694 4930 3908 5000 ἀρετὴν
3941 4934 3975 4999 ἠ

766 5076 813 5108 ⁵³
832 5074 989 5132 Jonu.
1025 5093 1097 5139 tv,
1136 5078 1201 5131 Η
1228 5093 1244 5141 ;
1270 5075 1425 5131 Joan.
1450 5092 1551 5141 vn,
1576 5076 1665 5141 38;
1701 5074 1823 5129 lsai.
1870 5090 1968 5135 xu,
2029 5074 2131 5139 '59;
2164 5089 2272 5129 xw

830 5148 875 5178 "
906 5146 1101 5199 Enhes.
1133 5163 1193 5199 tt.
1225 5146 1316 5199 20.
1391 5146 1436 5177 ³⁸
1470 5145 1626 5199 Joan.
1664 5162 1772 5199 xw.
1806 5146 1859 5199 6.
1938 5145 1983 5177 "
2010 5144 2169 5199 Joan.
2204 5161 2272 5199 vt.

2382 5115 2388 5129 .
2464 5072 2509 5104 "
2539 5071 2769 5125 Zachar.
2808 5085 2886 5134 ιι,
2920 5068 3007 5122 l7.

2382 5182 2390 5196 .
2467 5144 2511 5174 ⁸ο
2542 5142 2741 5199 Matth.
2772 5155 2893 5199 xttt.
2930 5140 3001 5194 56

2049 5170 2169 5199 nam.
2207 5170 2278 5212 νι,
2300 5170 2390 5198 eo.
2470 5170 2507 5174 "
2542 5170 2741 5204 ,Illaull.
2773 5170 2893 5203 ιιιι,
2930 5170 3022 5194 av.

698 5148 755 5204 4.
830 5148 875 5178 ⁸⁷
906 5146 1101 5211 Ephes.
1133 5163 1193 5211 It,
1225 5146 1316 5200 20.
1391 5146 1436 5177 ³⁸
1470 5145 1626 5199 Joan.
1664 5162 1772 5209 ιιν,
1806 5146 1859 5200 6.

702 5219 789 5272 13.
867 5218 913 5249 ⁸³
942 5219 1099 5273 Joan.
1131 5234 1247 5284 xxt,
1284 5216 1372 5282 15,
1409 5218 1497 5271 16.
1705 5219 1708 5223 ’

3085 5067 3131 5100 ⁸⁸
3159 5065 3317 5123 Joan.
3352 5081 3444 5127 xv,
3472 5068 3525 5121 Ι.

3616 5068 3664 5138 'f
3695 5067 3710 5120 Ι
3745 5067 3879 5124 Cor.
3921 5087 3975 5138 ι,

3107 5138 3150 5170 ⁶¹
3180 5138 3350 5205 Apoc.
3385 5138 3485 5205 1,5.

3563 5138 3609 5171 “
3640 5137 3839 5194 Matth.
3879 5137 3975 5207 vu,

1939 5309 2261 5369 Francisci
2292 5308 2503 5370 Scorsi
2542 5313 2732 5367 notae.

700 5443 954 5507 Nazian.,
1017 5450 1155 5494 orat.
1189 5438 1276 5499 3G,
1310 5454 1428 5505 qua:
1461 5450 1544 5493 est
1577 5447 1764 5505 quarta
1812 5436 1884 5489 De
1914 5435 2164 5506 theolog”
2198 5451 2283 5507 sre-

702 5514 879 5568 cuuda
916 5513 982 5564 de
1000 5510 1160 5574 Fit't'o,
1190 5521 1243 5565 et
1270 5510 1539 5574 copiosius
1576 5511 1738 5563 etiam
1779 5518 1918 5559 mat.
1961 5508 2031 5560 49
2057 5515 2119 5559 de
2157 5506 2281 5574 fide,

702 5600 771 5638 ex
824 5583 1270 5650 interpretatione
1333 5579 1512 5632 littl‘tni
1585 5579 1763 5646 presb.
1809 5578 2169 5650 Aquileiens.,
2228 5587 2283 5630 et

707 5654 920 5719 easdem
957 5645 1122 5705 habes
1154 5650 1294 5719 apud
1335 5650 1394 5702 ὃ.
1422 5645 1646 5717 August.
1675 5656 1833 5702 tract.
1856 5648 1934 5719 78_0
1963 5648 2015 5699 in
2046 5645 2207 5700 Joan.

780 5713 855 5791 ('7)
916 5713 1294 5776 lntermiudtus
1340 5721 1395 5772 in
1440 5713 1779 5791 uittataque.
1852 5717 2077 5791 Mysticu
2115 5733 2284 5791 sensu

709 5787 939 5846 elisitne
990 5807 1137 5854 vero,
1169 5802 1220 5845 et
1268 5790 1479 5857 perutili
1543 5789 1856 5856 explicatea
1906 5787 2069 5840 verba
2106 5787 2287 5853 Ingre-

715 5866 887 5916 dietnr
916 5874 962 5917 et
987 5865 1299 5931 egredie'ur,
1334 5860 1585 5914 nitniruut
1607 5863 1666 5916 dc
1698 5874 1914 5925 egressu
1943 5858 2007 5910 ab
2030 5873 2093 5911 eo
2120 5858 2289 5925 gradu

2390 5445 2446 5487 et
2495 5443 2636 5486 statu
2686 5431 2927 5494 virtutis,
2987 5446 3145 5499 quem
3202 5434 3377 5485 anima
3440 5432 3760 5497 acquisierit
3811 5434 3978 5484 etin‘

2394 5519 2616 5568 gresnts
2638 5504 2699 5553 ad
2754 5504 3069 5554 ulteriorem
3105 5504 3269 5556 alium
3294 5505 3443 5569 juxta
3477 5504 3606 5554 illttd
3632 5503 3693 5553 ί).
3733 5501 3886 5553 Pauli
3913 5506 3975 5552 al

2396 5575 2628 5642 Philipp.
2656 5589 2704 5626 ιτ.
2753 5588 2814 5626 ιιι
2852 5590 2865 5625 :
2916 5572 3046 5635 ch
3088 5582 3221 5625 retro
3250 5584 3365 5625 sunt
3421 5573 3728 5624 obliviscaris
3759 5610 3775 5631 ,
3807 5574 3877 5622 ad
3921 5589 3977 5623 ea

2395 5660 2511 5697 vero
2570 5658 2685 5710 qua:
2737 5656 2854 5694 sunt
2888 5642 3064 5706 priora
3094 5643 3370 5694 extendat:
3397 5644 3674 5707 mripsum,
3714 5645 3784 5694 ad
3817 5644 3976 5694 desti-

2403 5726 2581 5764 natum
2632 5728 2933 5779 persequor,
2978 5719 3027 5762 et
3097 5714 3330 5765 ὁνασέιιιιι
3382 5729 3619 5779 superna:
3667 5714 3973 5764 rer-otioms.

2399 5783 2591 5850 Bch-ge
2627 5786 2786 5835 t-titttn
2840 5799 2954 5850 qua:
2985 5782 3219 5835 diximus
3266 5781 3327 5834 ad
3357 5782 3500 5835 Itum.
3542 5781 3625 5844 10,
3662 5793 3775 5835 net.
3808 5781 3893 5847 79,
3928 5794 3976 5836 ει

2398 5856 2554 5907 hom.
2580 5854 2678 5907 53..
