4168 6456
671 391 777 453 995

1873 387 2375 449 THEOPHANIS
2409 384 2754 445 CERAMEI

3823 388 3941 453 996

672 518 786 561 tum
824 506 969 561 enim
1022 504 1173 568 dicit,
1214 518 1336 555 cum
1378 517 1474 571 per
1526 501 1795 557 occultam
1849 507 2248 575 suggestionem

2371 503 2573 571 τάφησε
2602 519 2613 531 ·
2658 500 2866 571 κλοπὴν
2897 499 2999 570 μὲν
3022 497 3195 552 εἰπὼν
3221 497 3602 569 αἰχμαλωσίαν
3652 499 3942 566 ἄγνωστον

674 601 909 651 animant
948 599 1128 665 rapit;
1160 594 1489 648 occisionem
1522 610 1642 645 cum
1666 610 1821 649 meus
1855 595 2163 649 immoritur
2195 595 2248 648 in

672 703 935 758 pem-ato;
973 688 1327 755 perditionem
1362 700 1511 748 vero,
1549 701 1671 739 cum
1710 697 1828 754 post
1860 687 2030 756 388
2058 691 2249 753 despe-

676 784 936 835 rationem
1008 779 1257 844 sequitur
1323 778 1535 831 vivendi
1597 778 1838 830 licentia.
1910 776 2071 830 Vides
2132 792 2252 845 qua:

676 883 867 925 contra
904 887 1002 925 nos
1034 890 1060 922 a
1094 883 1321 941 tyranno
1373 873 1519 925 acies
1554 871 1815 923 instructa
1848 869 1960 922 sit‘l
2010 866 2123 922 Non
2171 879 2253 921 sat

680 966 841 1017 habet
881 963 1279 1016 abmninandus
1314 963 1402 1015 ille
1435 963 1479 1016 si
1511 976 1608 1015 nos
1642 961 1873 1022 foretur,
1908 962 2001 1013 sed
2034 975 2095 1012 ea
2136 974 2254 1026 qua:

683 1055 897 1109 furatur
925 1064 1121 1106 mat-tat
1145 1054 1328 1114 etiam,
1348 1069 1409 1106 ac
1431 1052 1609 1122 perdit
1637 1069 1652 1105 :
1678 1050 1932 1104 formidat
1962 1049 2250 1116 siquidem,

676 1164 745 1203 ne
771 1150 941 1201 bonus
966 1146 1159 1200 Pastor
1180 1155 1408 1216 quierat,
1434 1156 1488 1198 et
1516 1151 1819 1212 recuperet,
1846 1146 1987 1211 quod
2016 1142 2252 1196 furatum

676 1250 780 1294 est.
818 1238 1004 1306 Neque
1035 1255 1165 1293 vero
1197 1242 1249 1291 in
1283 1236 1586 1291 occidendo
1626 1238 1870 1305 impurus
1907 1236 1999 1289 ille
2040 1237 2253 1288 modum

678 1338 793 1406 ﬁgit
826 1336 1048 1390 insania:
1080 1349 1210 1396 sum,
1264 1332 1359 1387 sed
1389 1335 1529 1401 quod
1564 1330 1772 1385 furatus
1803 1340 1910 1396 est,
1952 1339 2118 1400 atque
2144 1345 2257 1383 ma-

677 1432 867 1493 ctavit,
902 1429 1113 1496 penitus
1142 1427 1307 1479 etiam
1338 1427 1564 1494 perdere
1586 1424 1789 1488 studet,
1819 1439 1884 1475 ne
1911 1424 2115 1476 scilicet
2145 1423 2253 1487 ille,

679 1528 769 1594 qui
804 1537 1043 1576 tnnrtuos
1078 1522 1201 1574 vitae
1236 1522 1496 1581 l't’Slllttil,
1535 1521 1821 1571 resuscitet
1854 1519 1995 1585 quod
2032 1518 2258 1571 llllCllll.

678 1618 951 1683 Optimum
992 1617 1159 1683 igitur
1208 1614 1349 1666 factu
1398 1623 1480 1665 est
1508 1652 1521 1673 ,
1580 1624 1632 1663 ttt
1670 1626 1983 1673 caveamus,
2040 1626 2106 1662 ne
2146 1626 2257 1662 scr-

681 1707 861 1774 petttis
915 1706 1071 1771 hujus
1126 1704 1334 1754 insidiis
1386 1704 1688 1765 capiamur.
1731 1698 1786 1753 Si
1836 1717 1963 1753 vero
2010 1700 2112 1754 hoc
2162 1702 2261 1753 ali-

679 1799 896 1866 quando
928 1797 1230 1864 contingat,
1263 1810 1423 1861 quant
1454 1794 1719 1845 citissime
1750 1793 1817 1844 ab
1844 1808 1907 1844 eo
1946 1793 2174 1855 resilire,
2208 1804 2261 1844 et

681 1893 749 1943 ab
797 1889 1009 1941 actione
1062 1901 1224 1955 prava
1280 1894 1493 1951 Oportet
1550 1886 1757 1949 averti;
1818 1886 1931 1937 haec
1983 1885 2128 1938 enim
2179 1895 2260 1937 est

681 1983 877 2034 anin.:e
916 1993 1062 2031 mors
1096 1996 1109 2031 ;
1149 1984 1190 2031 si
1231 1992 1359 2029 vero
1414 1992 1582 2043 usque
1634 1991 1699 2029 eo
1749 1976 2031 2029 dortnierit
2083 1992 2256 2041 tuens,

681 2088 802 2141 quae
838 2081 1020 2124 custos
1048 2071 1239 2123 anima:
1277 2078 1355 2119 est
1389 2067 1592 2129 addita,
1643 2076 1699 2118 ut
1751 2067 1951 2119 inimici
1999 2068 2258 2119 vnlttn'ati

681 2165 1033 2229 snbjiciaris,
1087 2172 1140 2214 et
1188 2176 1250 2213 ea
1307 2176 1425 2227 qua:
1475 2160 1549 2211 illi
1614 2161 1850 2226 plarent,
1905 2161 2262 2227 perpetrando

688 2255 965 2319 macteris,
1016 2253 1339 2321 quantocius
1374 2252 1515 2303 velut
1548 2253 1613 2302 ab
1644 2250 1909 2303 ebrietate
1944 2250 2262 2316 resipiscere

683 2348 871 2409 debes,
900 2360 1073 2414 neque
1106 2342 1160 2396 itt
1195 2352 1419 2411 peccato
1460 2342 1777 2398 immorari;
1833 2341 1944 2393 haec
1995 2341 2259 2407 siquidem

687 2438 919 2507 perditio
964 2444 1072 2488 est.
1109 2433 1183 2486 lla
1220 2449 1249 2485 a
1285 2442 1474 2487 sancto
1524 2432 1912 2501 discipulorum
1944 2444 2090 2486 coetu
2127 2433 2261 2486 diri-

689 2530 800 2597 pttit
839 2526 1111 2581 infelicem
1144 2523 1337 2577 Jttdattt
1376 2543 1388 2578 :
1424 2525 1622 2593 quippe
1665 2540 1784 2576 cum
1834 2540 1929 2592 per
1978 2524 2261 2577 aVaritiattt

686 2622 861 2689 primo
897 2619 1107 2673 furatus
1155 2630 1322 2681 esset,
1380 2628 1675 2673 mactasset
1709 2618 1903 2671 deinde
1948 2633 2043 2683 per
2084 2619 2263 2683 prodi-

686 2713 911 2775 tionem,
967 2712 1031 2763 ad
1080 2720 1382 2764 extremum
1432 2725 1525 2778 per
1579 2710 2013 2778 desperationem
2070 2710 2263 2781 laqueo

683 2803 1002 2872 perdidit“.
1024 2801 1099 2855 Ita
1125 2802 1285 2854 etiam
1312 2802 1636 2870 discipulum
1661 2802 1809 2855 illum
1833 2800 1945 2872 (lO)
1967 2802 2262 2872 principem

688 2896 918 2948 aliorum
971 2896 1192 2947 adortus
1243 2905 1347 2946 est.
1384 2893 1659 2961 Siquidem
1695 2909 1921 2960 magnus
1968 2894 2055 2946 ille
2086 2896 2173 2946 vir
2198 2895 2265 2949 ab

689 2990 885 3041 ancilla
916 2994 1276 3042 conturbatus
1315 2988 1467 3056 quasi
1518 2985 1665 3040 furto
1696 2987 1939 3040 sublatus
1986 2997 2107 3050 est,
2141 3003 2263 3040 cum

687 3091 943 3151 negasset
970 3097 1121 3144 vero,
1153 3091 1453 3145 mat-tatus;
1488 3096 1595 3135 non
1643 3089 1820 3133 tamen
1866 3083 2056 3148 periit,
2092 3098 2266 3152 neque

684 3175 831 3226 enim
870 3175 924 3227 in
977 3174 1356 3241 desperatione
1386 3174 1648 3238 Substitit,
1696 3174 1790 3227 sed
1834 3176 2023 3228 exiens
2053 3174 2202 3229 foras
2238 3194 2263 3228 a
2296 3195 2339 3253 (ς

691 3268 842 3337 lapsu
871 3267 1139 3336 jacturam
1178 3266 1511 3319 ferventibus
1552 3266 1803 3335 lacrymis
1832 3268 2101 3335 reparavit
2131 3269 2198 3321 ".

768 3377 786 3409 ε
824 3359 936 3428 Ego
969 3360 1127 3423 veni,
1164 3370 1222 3412 ut
1273 3359 1437 3412 vitam
1494 3359 1753 3419 habeant,
1806 3369 1861 3411 et
1903 3359 2270 3414 abundantius

694 3455 945 3507 habeant.
991 3472 1008 3503 ι
1050 3452 1223 3505 Vitam
1262 3463 1418 3511 vocat
1454 3453 1917 3519 regenerationem
1960 3453 2153 3505 animae
2186 3468 2272 3505 re-

691 3558 848 3614 cepto
887 3545 1176 3614 Evangelio
1212 3553 1671 3613 rousequentem;
1710 3547 2074 3597 abundantem
2123 3561 2272 3611 vero,

698 3652 818 3688 cum
853 3638 1013 3689 datur
1046 3645 1227 3703 postea
1276 3649 1501 3703 regnum
1550 3634 1835 3688 calorum.
1870 3636 1969 3700 Qui
2004 3637 2145 3689 enim
2180 3653 2274 3704 per

698 3728 1123 3782 inobedientiam
1161 3729 1359 3783 mortui
1395 3726 1632 3793 fuerant,
1668 3742 1772 3780 non
1806 3729 1979 3781 solum
2012 3730 2057 3781 si
2100 3731 2277 3783 rrrdi-

693 3821 872 3875 derint
905 3824 1121 3888 vivent,
1172 3824 1266 3877 sed
1306 3824 1435 3875 [ient
1471 3821 1634 3874 etiam
1685 3823 1902 3890 superni
1954 3825 2103 3892 regni
2150 3842 2275 3893 par-

693 3912 905 3979 ticipes.

773 4021 793 4055 ι
831 4004 945 4072 Ego
966 4019 1085 4057 sum
1111 4016 1294 4073 pastor
1318 4006 1511 4060 bonus.
1552 4024 1571 4058 ι
1598 4006 1749 4073 Quod
1777 4006 2035 4061 Dominus
2066 4011 2275 4065 ratione

689 4096 1043 4164 praedii-arum
1090 4098 1271 4150 ovium
1309 4096 1501 4150 Pastor
1534 4097 1639 4160 sit,
1678 4108 1987 4153 sanctorum
2038 4100 2273 4168 prophe-

695 4199 871 4240 tarum
910 4190 1128 4241 oracula
1164 4198 1359 4241 testata
1396 4199 1543 4241 sunt.
1584 4188 1671 4241 Ait
1694 4189 1840 4242 enim
1885 4204 1979 4256 per
2020 4189 2273 4242 Davndem

694 4279 838 4331 Deus
869 4282 935 4331 ad
974 4277 1383 4331 Etnmanueletn
1418 4288 1593 4331 ortum
1638 4295 1703 4331 ex
1736 4279 1935 4333 Davide
1964 4297 1977 4332 :
2022 4298 2039 4328 t
2076 4282 2276 4335 Pa-‘rcs

694 4385 790 4423 eos
813 4372 864 4421 in
893 4370 1040 4437 virga
1068 4370 1241 4421 ferrea
1266 4369 1349 4433 ’°;
1381 4386 1399 4417 ι
1432 4384 1526 4436 per
1553 4368 1833 4421 Michaeant
1868 4386 2031 4423 vero:
2061 4389 2079 4419 ι
2111 4369 2279 4424 Pasce

692 4460 948 4527 pnpnlutn
979 4471 1129 4513 tuum
1160 4460 1212 4512 in
1239 4461 1389 4528 virga
1412 4470 1664 4524 tua,oves
1692 4460 2024 4515 luereditatis
2046 4473 2146 4515 tua:
2172 4465 2269 4516 η.»

2354 596 2452 663 τῆς
2482 595 2685 664 ψυχῆς,
2722 594 2915 647 θυσίαν
2952 592 3009 645 δὲ
3047 592 3141 645 τὸν
3170 593 3228 645 ὲν
3252 592 3553 661 ἁμαρτίαις
3583 590 3812 645 θάνατον
3840 592 3943 644 τοῦ

2354 690 2494 749 νοὸς,
2522 685 2797 739 ἀπώλειαν
2835 685 2892 738 δὲ
2919 684 3018 754 τὴν
3052 684 3308 754 ἀνομίαν,
3339 684 3440 752 τὴν
3470 682 3609 752 μετὰ
3668 683 3768 743 τὴν
3798 684 3944 735 ἀπό-

2355 798 2580 849 γνωσιν.
2626 781 2789 849 Ὁρᾷς
2815 780 2915 849 ὅση
2941 778 3067 833 καθ’
3096 780 3246 848 ἡμᾶς
3279 780 3313 848 ἡ
3334 778 3429 831 τοῦ
3460 780 3725 846 τυράννου
3756 780 3945 847 παρά-

2354 872 2509 935 ταξις
2537 887 2553 936 ;
2590 872 2703 924 Οὐκ
2734 873 2990 941 ἀρκεῖται
3019 872 3089 939 τῇ
3122 870 3297 938 κλοπῇ
3361 870 3389 921 6
3432 869 3761 938 κατάρατος,
3802 869 3945 921 ἀλλὰ

2358 970 2454 1020 καὶ
2486 967 2604 1019 θύει
2659 970 2727 1018 τὰ
2767 967 3050 1019 κλαπέντα
3106 967 3202 1018 καὶ
3247 965 3470 1018 θανατοί
3500 982 3515 997 ο
3570 964 3772 1017 δέδοικε
3829 966 3947 1034 γὰρ

2363 1061 2439 1130 μή
2476 1077 2592 1121 πως
2623 1060 2651 1111 6
2680 1058 2884 1127 ποιμὴν
2919 1059 2947 1110 6
2977 1058 3141 1120 καλὸς
3172 1056 3410 1127 ζητήσῃ,
3462 1057 3556 1108 καὶ
3596 1056 3945 1124 ἀνακαλέση-

2358 1150 2527 1202 ταιτδ
2552 1148 2786 1203 κλαπέν.
2819 1148 2963 1217 Πλὴν
3016 1147 3125 1199 οόδ’
3152 1150 3209 1198 ὲν
3238 1146 3315 1216 τῷ
3382 1146 3693 1199 θανατῶσαι
3755 1146 3945 1214 ῐστησι

2360 1241 2460 1308 τὴν
2494 1238 2697 1309 μανίαν
2746 1241 2773 1291 6
2799 1238 3021 1308 μιαρὸς,
3072 1238 3208 1290 ἀλλὰ
3238 1236 3459 1291 σπεύδει
3494 1237 3774 1300 παντελῶς
3808 1240 3949 1288 απο-

2360 1332 2514 1385 λέσαι
2545 1332 2606 1383 τὸ
2640 1330 2869 1391 κλαπὲν,
2906 1332 3000 1384 καὶ
3026 1332 3208 1391 τυθὲν,
3233 1332 3320 1382 ἵνα
3350 1331 3423 1400 μὴ
3454 1332 3481 1383 6
3513 1331 3798 1395 ζωογονῶν
3817 1331 3947 1393 τοὺς

2362 1424 2595 1492 νεκροὺς
2630 1424 2916 1493 ἀναστήσῃ
2950 1424 3011 1475 τὸ
3044 1424 3146 1493 ἤδη
3223 1422 3456 1491 φθαρέν.
3519 1425 3779 1491 Ἀριστον
3845 1424 3947 1489 μὲν

2362 1511 2454 1567 οὖν
2481 1518 2547 1584 τῇ
2584 1516 2861 1585 συμϐουλῇ
2919 1516 2994 1585 μὴ
3056 1516 3338 1584 κλαπῆναι
3384 1515 3480 1568 τοῦ
3545 1516 3745 1583 ὀφεως.
3798 1515 3944 1566 Είδὲ

2366 1609 2546 1677 συμϐῇ
2579 1609 2757 1681 τοῦτο,
2790 1607 3045 1674 γενέσθαι
3080 1608 3209 1659 ποτὲ
3252 1609 3607 1675 ἀποπηδῆσαι
3640 1608 3787 1676 μάλα
3817 1624 3951 1676 γορ-

2362 1700 2495 1767 γῶς,
2533 1702 2625 1753 καὶ
2653 1703 2753 1769 τὴν
2790 1701 2990 1769 πρᾶξιν
3032 1702 3358 1768 ἀποφυγεῖν.
3418 1700 3587 1753 Τοῦτο
3649 1701 3759 1768 γὰρ
3788 1703 3816 1751 ὁ
3852 1700 3948 1753 θά-

2366 1808 2527 1853 νατος
2562 1792 2661 1860 τῆς
2706 1792 2909 1861 ψυχῆς.
2950 1793 3009 1843 Εἰ
3044 1792 3103 1843 δὲ
3132 1793 3227 1843 καὶ
3259 1791 3510 1843 τοσσῦτον
3539 1792 3888 1855 ὲπινυστάξει
3920 1795 3948 1843 ὁ

2368 1885 2664 1953 φυλάσσων
2692 1903 2751 1938 σε
2785 1885 2935 1950 νοῦς,
3002 1886 3077 1947 ὡς
3129 1885 3614 1955 δουλαγωγηθῆναι
3645 1886 3722 1953 τῷ
3783 1885 3949 1954 θελή-

2368 1996 2497 2046 ματι
2522 1978 2617 2031 τοῦ
2644 1978 2865 2048 ἐχθροῦ,
2893 1979 2989 2031 καὶ
3022 1979 3110 2030 ἐπ’
3144 1979 3356 2030 ἐκείνου
3387 1977 3618 2045 τυθῆναι
3638 1978 3706 2030 τὰ
3724 1976 3951 2047 θυμήρη

2362 2072 2541 2141 τούτῳ
2574 2072 3046 2143 διαπραξάμενον,
3100 2071 3378 2137 ὀτραλέως
3425 2072 3826 2142 ἁναθρώσκειν,
3874 2072 3952 2133 ὡς

2364 2166 2471 2217 ἀπὸ
2496 2164 2689 2233 μέθης,
2722 2165 2925 2235 καὶμὴ
2967 2166 3231 2233 ἐμμεῖναι
3282 2164 3359 2233 τῷ
3415 2166 3592 2233 καίρῳ
3643 2165 3749 2232 τῆς
3810 2165 3953 2216 6-3.0-

2366 2256 2621 2326 γνώσεως
2642 2274 2655 2287 ’
2684 2257 2823 2325 αὕτη
2842 2258 2952 2326 γὰρ
2978 2260 3010 2327 ἡ
3042 2257 3309 2312 ἀπώλεια.
3336 2258 3521 2319 Οὕτως
3546 2259 3834 2311 ἀπέσπασε
3852 2259 3954 2327 τῆς

2368 2352 2517 2419 ἱερᾶς
2553 2350 2776 2420 χορείας
2801 2350 2908 2402 τῶν
2954 2351 3215 2419 μαθητῶν
3291 2349 3491 2402 Ἰούδαν
3549 2350 3640 2400 τὸν
3692 2349 3949 2401 δείλαιον

2366 2445 2457 2497 διὰ
2510 2445 2610 2511 μὲν
2638 2447 2739 2515 τῆς
2767 2443 3151 2515 φυλαργυρίας
3200 2444 3407 2513 κλέψας
3450 2446 3634 2506 αὑτὸν,
3690 2444 3865 2503 θύσας
3900 2443 3955 2493 δὲ

2364 2536 2454 2589 διὰ
2501 2537 2600 2605 τῆς
2660 2537 2972 2605 προδοσίας,
3029 2535 3302 2599 ἀπολέσας
3357 2536 3415 2587 δὲ
3470 2536 3673 2605 ἀγχόνῃ
3700 2535 3768 2587 δι’
3812 2538 3955 2589 ἁπο-

2366 2628 2641 2696 γνώσεως.
2674 2624 2808 2680 Εἶτα
2850 2628 2944 2678 καὶ
2980 2626 3058 2697 τῷ
3118 2627 3399 2698 προκρίτῳ
3467 2627 3774 2696 προσέϐαλε
3836 2645 3959 2693 gat-

2366 2724 2528 2791 τητῇ,
2559 2722 2652 2773 καὶ
2684 2722 2713 2773 6
2746 2721 2925 2789 μέγασς
2950 2721 3159 2783 ἐκεῖνος
3196 2721 3491 2773 κλέπτεται
3522 2720 3625 2770 ὑπὸ
3657 2718 3959 2785 naming;

2366 2813 2715 2885 θορυϐηθεὶς,
2791 2813 3017 2866 τέθυται
3083 2813 3139 2866 δὲ
3197 2815 3596 2885 ἀρνησάμενος,
3644 2814 3705 2865 ού
3769 2816 3959 2881 μέντοι

2367 2908 2616 2961 ἀπώλετο
2637 2926 2654 2941 ο
2692 2909 2752 2961 οὐ
2784 2907 2895 2976 γὰρ
2930 2908 3191 2975 ὲνέμηνεν
3245 2910 3538 2973 ἀπογνοὺς,
3573 2908 3687 2961 ἀλλ’
3717 2896 3957 2972 ἐξελθὼν

2368 3000 2474 3064 ἔξω
2495 3001 2589 3053 τοῦ
2622 3000 2947 3071 πτώματος,
2983 3001 3210 3071 θερμοῖς
3240 3000 3473 3071 δάκρυσι
3495 3001 3592 3068 τὴν
3619 2995 3795 3070 ἧτταν
3829 3003 3958 3053 ἁνε-

2369 3094 2664 3149 καλέσατο.

2453 3291 2471 3323 ι
2524 3269 2665 3339 Ἐγὼ
2691 3267 2879 3341 ἦλθον,
2942 3270 3028 3321 ἵνα
3080 3269 3227 3338 ζωὴν
3278 3269 3466 3337 ἔχωσι,
3532 3270 3623 3322 καὶ
3694 3277 3962 3341 περισσὶν

2373 3366 2561 3435 ἔχωσι.
2613 3384 2630 3415 ι
2673 3363 2825 3432 Ζωῆν
2861 3364 2959 3431 τὴν
2990 3361 3079 3414 διὰ
3098 3363 3193 3414 τοῦ
3242 3361 3577 3430 Εὑαγγελίον
3612 3362 3762 3429 λέγει
3824 3364 3931 3415 ἀνα

2375 3462 2629 3528 γέννησιν
2659 3475 2672 3489 ·
2704 3458 2969 3527 περισσὸν
3002 3457 3081 3522 δὲ,
3112 3457 3210 3526 τὴν
3230 3457 3513 3527 βασιλείαν
3541 3458 3652 3509 τῶν
3685 3458 3941 3528 οὐρανῶν

2375 3555 2437 3603 Οἱ
2469 3552 2583 3620 γὰρ
2607 3549 2696 3603 διὰ
2757 3552 3038 3619 παρακοῆς
3068 3548 3454 3619 τεθνήξαντες,
3487 3551 3548 3601 οὺ
3605 3550 3767 3619 μόνον
3827 3552 3967 3611 ζῶτι

2378 3643 2798 3706 πιστεύσαντες,
2835 3643 2973 3696 ἀλλὰ
3004 3642 3099 3695 καὶ
3147 3643 3247 3711 τῆς
3278 3644 3393 3700 ἄνω
3434 3642 3717 3717 βασιλείας
3740 3652 3967 3720 μέτοχσι

2376 3737 2642 3805 γίνονται.

2452 3845 2469 3876 ι
2528 3824 2667 3893 Ἐγὼ
2709 3827 2822 3893 εἰμι
2846 3826 2873 3877 ὁ
2908 3824 3110 3900 ποι-μὴν
3142 3835 3169 3883 6
3200 3830 3386 3894 καλός.
3426 3852 3445 3884 ι
3475 3832 3597 3884 Ὀτι
3625 3833 3835 3900 πῑιμῆν
3852 3834 3966 3884 τῶν

2376 3916 2612 3985 λογικῶν
2639 3916 2930 3985 προϐάτων
2964 3922 2990 3971 6
3024 3921 3247 3990 Κύριος,
3280 3924 3741 3993 μεμαρτυρήκασι
3775 3926 3868 3976 καὶ
3893 3928 3967 3976 τα

2374 4011 2483 4061 τῶν
2515 4009 2675 4079 ἱερῶν
2705 4012 3003 4083 προφητῶν
3050 4014 3534 4083 χρησμῳδήματα.
3590 4018 3728 4083 Φησὶ
3794 4019 3906 4083 γὰρ
3937 4021 3967 4070 6

2376 4103 2510 4165 Θεὸς
2541 4102 2631 4157 διὰ
2650 4103 2837 4167 Δαϐὶδ,
2868 4105 3006 4173 πρὸς
3053 4107 3146 4157 τὸν
3211 4107 3275 4156 ὲκ
3337 4106 3503 4159 Δαϐὶδ
3555 4109 3968 4163 ἀνατεταλκότα

2390 4197 2745 4268 Ἐμμανουήλ
2764 4215 2776 4226 ·
2799 4217 2817 4248 «
2846 4199 3139 4268 Ποιμνείς
3168 4201 3366 4262 αὐτοὺς
3401 4203 3459 4252 ὲν
3478 4204 3658 4272 ῥάϐδῳ
3690 4204 3890 4274 σιδηρᾷ
3911 4222 3924 4233 ο
3941 4225 3961 4256 ι

2378 4291 2465 4344 διὰ
2488 4292 2551 4343 δὲ
2608 4292 2845 4361 Μιχαίου
2881 4307 2895 4320 '
2960 4311 2978 4342 ι
3016 4292 3277 4361 Ποίμαινε
3330 4294 3459 4346 λαόν
3521 4303 3614 4348 σου
3662 4298 3719 4348 ὲν
3760 4300 3966 4369 ῥάϐδῳ,

2381 4383 2634 4453 πρόϐατα
2660 4383 3029 4453 κληρονομίας
3058 4400 3205 4435 σουῚ
3228 4383 3354 4447 λαὸς
3378 4386 3432 4437 δὲ
3452 4387 3545 4439 καὶ
3562 4388 3813 4458 πρόϐατα
3832 4392 3969 4461 κλη-

2387 4472 2643 4539 ρονομίας
2668 4469 2855 4531 αὐτοῦ,
2878 4470 3115 4540 νοηθεῖεν
3128 4473 3216 4534 ἂν,
3239 4474 3363 4525 οἵτε
3387 4477 3449 4526 ὲκ
3468 4480 3775 4547 περιτομῆς
3801 4498 3969 4534 πεπι-

705 4550 806 4603 Per
838 4550 1090 4620 populum
1125 4567 1252 4603 vero
1296 4563 1349 4603 et
1396 4565 1526 4604 oves
1555 4552 1888 4606 ltaareditatis
1914 4554 2032 4621 ejus
2074 4557 2267 4609 intelli-

2386 4537 2691 4623 στευκότες,
2726 4565 2823 4614 καὶ
2852 4562 2905 4614 oi
2941 4537 3077 4630 πρὸς
3100 4565 3370 4633 ἁγιασμὺν
3398 4537 3836 4637 κεκλημένοι-*ἑκ
3863 4576 3963 4643 τῆς

693 4654 894 4713 gantur
928 4655 1040 4695 tum
1077 4642 1169 4712 qui
1200 4660 1262 4696 ex
1302 4643 1724 4697 circumcisione
1763 4649 2130 4714 crediderunt,
2160 4660 2271 4704 tum

693 4736 785 4803 qni
818 4735 881 4786 ad
916 4736 1401 4789 sanetilicationem
1436 4751 1499 4788 ex
1537 4737 1875 4803 plenitudine
1906 4742 2147 4808 gentium
2184 4758 2274 4796 ro-

694 4828 802 4879 cati
828 4838 971 4879 sunt.
999 4826 1237 4881 Minatur
1262 4829 1429 4880 etiam
1458 4828 1757 4883 Ezechielis
1779 4845 1870 4885 ore
1894 4831 2060 4902 389
2089 4849 2272 4889 sacer-

696 4920 938 4983 dotibus,
975 4928 1029 4971 et
1075 4920 1272 4972 scribis
1298 4920 1391 4988 qui
1427 4920 1724 4987 pascebant
1758 4922 2004 4977 lsraeletn
2033 4941 2051 4982 ;
2084 4943 2103 4977 ι
2138 4925 2277 4982 Ecce

696 5025 801 5079 ego
857 5024 1028 5079 super
1057 5022 1349 5077 pastores;
1400 5020 1456 5067 et
1501 5014 1775 5082 requiram
1820 5030 1951 5069 oves
2005 5032 2156 5072 meas
2211 5020 2277 5073 de

696 5103 949 5157 manibus
978 5120 1169 5158 eorum
1200 5121 1216 5171 ;
1266 5118 1321 5160 et
1356 5109 1614 5163 amovebo
1644 5123 1761 5171 eos,
1795 5124 1861 5162 ne
1893 5121 2121 5177 pascant
2150 5126 2280 5165 oves

699 5209 889 5261 meas;
936 5206 988 5248 et
1041 5197 1320 5252 suscitabo
1366 5214 1529 5268 super
1575 5215 1669 5255 eos
1708 5216 1922 5255 servum
1973 5219 2150 5257 meum
2181 5203 2282 5257 Da-

698 5288 786 5340 vid
812 5287 877 5340 ".
918 5305 937 5338 ι
995 5285 1094 5341 Ubi
1157 5291 1399 5357 ιιι-οἴσοιο
1457 5290 1748 5346 Dominum
1797 5293 1973 5361 ipsum
2026 5306 2276 5350 nostrum

2385 4654 2627 4723 πληθύος
2663 4654 2772 4706 ⁴τῶν
2800 4654 2992 4707 ἐθνῶν.
3027 4655 3351 4709 Ἐπαπειλεί
3379 4658 3434 4709 δὲ
3473 4660 3569 4712 καὶ
3622 4661 3711 4713 δια
3776 4668 3969 4734 φωνῆς

2398 4746 2662 4815 Ίεζεκιῆλ
2691 4748 2803 4809 τοῖς
2831 4748 3178 4816 ποιμαίνουσι
3207 4750 3297 4801 τὸν
3364 4752 3581 4820 Ἰσραὴλ
3631 4755 3843 4823 ἱερεῦσι
3874 4760 3972 4811 καὶ

2394 4843 2625 4913 μύσταις
2658 4857 2673 4870 ·
2709 4858 2728 4889 ι
2783 4839 2913 4892 Ἰδοὺ
2939 4839 3050 4906 ἐγὼ
3085 4841 3178 4892 ἐπὶ
3200 4844 3325 4905 τοὺς
3356 4845 3644 4911 ποιμένας,
3677 4849 3774 4899 καὶ
3801 4851 3971 4920 ἐκζη-

2375 4934 2526 5003 τήσω
2554 4933 2623 4984 τὰ
2645 4929 2898 5001 πρόϐατά
2933 4947 3037 5001 μου
3071 4933 3135 4983 ὲκ
3170 4933 3280 4986 τῶν
3340 4935 3542 5005 χειρῶν
3598 4938 3806 5002 αὐτῶν,
3874 4943 3969 4993 καὶ

2378 5022 2713 5094 ἀποστρέψω
2745 5023 2945 5085 αὐτοὺς
2973 5021 3067 5075 τοῦ
3096 5024 3172 5095 μὴ
3214 5029 3527 5096 ποιμαίνειν
3586 5031 3656 5081 τὰ
3712 5032 3970 5101 πρόϐατά

2385 5134 2487 5187 μου
2508 5131 2522 5146 ’
2562 5117 2654 5167 καὶ
2680 5118 2973 5186 ἀναστήσω
3006 5117 3092 5168 ἐπ’
3125 5118 3324 5181 αὐτοὺς
3344 5124 3435 5172 τὸν
3480 5121 3669 5175 δοῦλόν
3719 5142 3825 5193 μου
3878 5128 3971 5179 τὸν

2386 5198 2577 5260 Δαϐίδ
2614 5221 2629 5235 '
2666 5226 2684 5259 ι
2745 5209 2907 5261 αὐτὸν
2962 5210 3135 5277 δήπου
3218 5210 3537 5281 θεσπιῳδῶν
3611 5216 3703 5267 τὸν
3763 5220 3971 5286 Κύριον

2386 5297 2567 5369 ἡμῶν,
2599 5295 2658 5361 ὃς
2688 5296 2788 5367 τὴν
2815 5296 2993 5369 ψυχὴν
3017 5299 3185 5353 αὑτοῦ
3220 5301 3464 5357 τέθεικεν
3494 5305 3635 5375 ὑπὲρ
3662 5307 3777 5361 τῶν
3835 5326 3972 5378 προ·

768 5404 1044 5495 ⁶⁶οδξειιιιμ
1081 5422 1249 5472 xxvtt,
1283 5411 1351 5474 6;
1384 5410 1507 5464 Act.
1540 5425 1580 5476 ι,
1626 5409 1712 5465 18.
1790 5410 1835 5444 ⁶⁹
1875 5411 2066 5467 Matth.
2096 5429 2246 5479 ιινι,

2371 5456 2378 5470 .
2438 5414 2643 5469 "Psal.
2671 5431 2734 5483 ll,
2781 5416 2836 5470 9.
2909 5418 2955 5449 "
2998 5417 3159 5473 Micb.
3197 5436 3294 5486 vn,
3328 5423 3417 5477 ιι.
3455 5424 3738 5495 νεκροί».
3782 5446 3967 5495 xxxiv,

700 5475 790 5541 10,
830 5475 923 5529 25.

1940 5550 2260 5613 Francisci
2292 5555 2500 5616 Scorsi
2540 5564 2725 5620 notas.

768 5648 882 5715 (t0)
905 5646 1230 5715 Disciputum
1254 5648 1426 5701 illum.
1446 5647 1787 5719 Ubicumque
1807 5652 1869 5703 de
1885 5652 1943 5706 S.
1968 5652 2126 5707 Petro
2145 5655 2283 5708 inci-

706 5721 787 5793 dit
820 5733 1019 5793 sermo,
1055 5735 1266 5793 semper
1295 5720 1365 5793 illi
1404 5724 1687 5793 primatum
1718 5725 1769 5774 itt
1803 5724 1937 5777 alios
1979 5725 2282 5793 discipulos

697 5802 747 5841 et
778 5790 829 5859 it_i
867 5787 1160 5841 Ezclesiam
1188 5791 1373 5841 tribuit
1408 5787 1511 5842 hic
1555 5790 1731 5854 Pater,
1765 5795 1909 5859 quod
1938 5787 2280 5849 Catvinieula:

706 5870 761 5913 et
793 5857 963 5914 Gratci
991 5859 1326 5915 schiunatici
1350 5861 1552 5915 sentire
1575 5874 1679 5915 non
1709 5857 1954 5930 poSsuut.
1983 5863 2078 5918 llic
2109 5879 2285 5931 vocat,

2392 5659 2693 5743 fpéxplt‘tov
2730 5661 3000 5743 μαθητήν,
3046 5664 3313 5743 διίξεηαιὶο
3369 5669 3487 5743 toro
3526 5667 3965 5743 titulisinsignit.

2395 5727 2525 5853 me
2544 5727 2743 5853 $0.";
2788 5727 2877 5795 56;
2935 5727 3059 5789 ἠομ
3123 5736 3212 5799 68,
3257 5748 3310 5791 et
3361 5739 3450 5804 54,
3499 5750 3615 5793 ttot.
3647 5743 3739 5810 49,
3790 5727 3968 5816 gitis,
