4168 6456
198 434 301 495 997

192 637 385 706 ψύχως
413 632 742 705 θορυϐηθῇς,
790 632 865 694 ὡς
925 628 1479 698 κατασμικρυνούσης
1531 627 1589 677 τὸ
1615 643 1783 695 μεγα-

196 729 343 780 λεῖον
374 728 474 780 τοῦ
513 725 671 791 λόγου
704 726 801 793 τῆς
829 724 886 775 ἐν
912 724 976 789 τῇ
1022 719 1166 784 λέξει
1201 720 1515 789 ἐμφάσεως.
1560 716 1781 783 Ἐπειδὴ

197 819 311 889 γὰρ
334 816 550 887 μορφὴν
576 814 766 867 δούλου
805 811 1061 876 ἀνέλαϐε,
1092 813 1157 881 τῇ
1186 811 1378 877 κλήσει
1403 808 1652 861 κοινωνεῖ
1687 805 1782 857 τοῦ

195 910 659 979 πφσλὴμματος.
693 905 785 975 Τῷ
813 905 929 957 ὄντι
958 904 1066 975 γὰρ
1127 902 1417 955 ἐδούλευσε
1468 900 1657 970 σαρκὶ,
1686 898 1785 951 καὶ

194 1001 443 1070 γονεῦσι,
484 1003 582 1055 καὶ
609 999 811 1052 πάθεσι
838 999 954 1060 τοῖς
987 997 1302 1066 ἡμετέροις,
1326 995 1414 1047 διὰ
1442 995 1543 1063 τὴν
1577 994 1784 1063 ἡμετέ-

199 1113 305 1166 ραν
331 1092 645 1163 ἐλευθερίαν
683 1093 779 1145 καὶ
802 1093 967 1145 πᾶσιν
1001 1086 1080 1154 οἷς
1113 1090 1321 1143 σέσωκε
1353 1089 1478 1151 τοὺς
1500 1090 1564 1158 τῇ
1600 1087 1783 1156 ἁμαρ-

197 1188 293 1257 τίς.
316 1188 498 1254 ἐνισχυ
508 1184 723 1251 μένους.

280 1471 300 1502 ι
352 1450 414 1506 ’0
448 1450 719 1521 μισθωτὸς
754 1448 832 1512 δὲ,
867 1447 962 1500 καὶ
988 1446 1089 1500 οὐκ
1142 1446 1218 1499 ὢν
1276 1446 1501 1519 ποιμὴν,
1566 1440 1627 1499 οὗ
1684 1445 1784 1499 οὐκ

198 1544 311 1595 εἰσὶ
340 1545 408 1595 τὰ
443 1542 695 1613 πρόϐατα
730 1540 861 1603 ἴδια,
887 1540 1084 1610 θεωρεῖ
1107 1541 1198 1593 τὸν
1243 1540 1408 1592 λύκον
1468 1538 1782 1609 ἐρχόμενον,

200 1637 297 1687 καὶ
333 1633 531 1701 ἀφίησι
563 1632 630 1683 τὰ
660 1632 930 1700 πρόϐατα,
990 1631 1088 1685 καὶ
1128 1632 1341 1700 φεύγει.
1379 1650 1398 1684 ι
1476 1634 1633 1703 Παρὰ
1706 1634 1785 1705 τῷ

198 1728 354 1793 νόμῳ
379 1726 601 1783 καὶτοῖς
635 1725 948 1794 προφήταις
975 1724 1003 1776 ὁ
1070 1723 1340 1791 μισθωτὸς
1405 1724 1781 1793 διαϐέϐληται.

210 1817 277 1869 ὐ
302 1817 401 1885 μὲν
427 1816 536 1885 γὰρ
560 1817 725 1885 νόμος
762 1815 1064 1886 ἀπώμοτον
1096 1818 1331 1870 ποιεῖται
1366 1817 1457 1870 τὸν
1510 1817 1784 1888 μισθωτὸν

197 1910 408 1961 ἐσθίειν
440 1908 594 1976 ἅγια,
620 1907 792 1970 οὕτως
821 1908 994 1961 εἰπών
1018 1922 1034 1938 °
1082 1926 1101 1960 ι
1137 1909 1428 1980 Πάροικος,
1458 1912 1550 1964 καὶ
1580 1910 1785 1979 μισθω-

199 2003 294 2064 τὸς
320 2001 419 2054 τοῦ
459 2000 653 2069 ἱερέως
695 2000 795 2054 οὐκ
849 2001 1028 2055 ἔδεται
1085 2001 1240 2071 am.
1286 2023 1305 2056 ι
1383 2002 1441 2057 ’0
1495 2006 1672 2074 μέγας
1726 2004 1784 2057 δὲ

200 2093 437 2154 Ἡσαΐας
473 2094 530 2143 ἐν
552 2093 789 2162 σχήματι
812 2093 951 2165 ἀρᾶς
975 2094 1254 2165 προλέγων
1277 2113 1341 2148 πε
1351 2097 1403 2167 pl
1428 2096 1534 2148 τῶν
1566 2113 1632 2149 συ
1641 2095 1784 2168 μῦη-

204 2184 455 2255 σομένων
484 2185 692 2238 Μωάὸ·
726 2205 743 2237 t
825 2187 1311 2258 ’Λτιμασθήσεται,
1358 2189 1546 2257 φησιν,
1584 2191 1616 2259 ἠ
1656 2190 1783 2257 δόξα

203 2277 387 2329 Μωὰϐ
407 2278 466 2328 ἐν
492 2279 671 2345 τρισὶν
703 2276 850 2330 ἔτεσι
878 2277 1215 2344 μισθωτοῦ.»
1237 2280 1336 2333 Διὰ
1364 2279 1415 2331 τί
1438 2280 1492 2332 δέ
1527 2297 1540 2345 ;
1573 2281 1654 2333 ὅτι
1687 2281 1783 2335 τοῦ

206 2369 489 2438 μισθωτοῦ
522 2370 584 2421 τὸ
614 2369 798 2437 ἔργον,
818 2370 919 2423 οὐκ
952 2373 1015 2424 ἐκ
1047 2370 1365 2437 διαθέσεως,
1407 2372 1522 2425 ἀλλ’
1550 2373 1786 2426 ἐπίπλα-

205 2478 357 2515 στον.
384 2464 544 2514 Δοκεῖ
581 2459 673 2515 οὖν
704 2464 732 2514 ὁ
780 2464 984 2535 Κύριος
1036 2464 1124 2517 διὰ
1178 2466 1273 2518 τοῦ
1312 2464 1609 2535 μισθωτοῦ,
1679 2467 1788 2520 τῶν

202 2554 541 2621 Φαρισαίων,
582 2556 675 2606 καὶ
702 2555 1081 2624 Γραμματέων
1110 2555 1514 2621 καθάπτεσθαι,
1584 2557 1634 2610 οἶ
1689 2558 1788 2627 τῆς

205 2644 364 2707 Θείας
396 2644 619 2712 ἐντολῆς
654 2645 1135 2715 ἀποθρώσκοντες,
1157 2648 1252 2699 καὶ
1277 2648 1371 2709 τὰς
1394 2648 1563 2718 ἀρχὰς
1592 2648 1787 2712 ὠνίους

204 2736 607 2804 λαμϐάνοντες,
644 2736 835 2806 τρόπῳ
869 2737 1185 2802 μισθωτῶν,
1234 2739 1436 2808 ἥκιστα
1482 2740 1593 2792 τῶν
1655 2759 1789 2816 προ-

205 2828 391 2881 ϐάτων
416 2828 702 2898 ἐκήδοντο,
733 2831 802 2884 τὰ
828 2829 925 2883 τοῦ
957 2830 1094 2883 Θεοῦ
1126 2831 1555 2904 καπηλεύοντες.
1614 2837 1789 2906 Θορυ-

208 2922 294 2973 6e!
317 2920 415 2975 οὖν
448 2921 536 2975 διὰ
557 2922 762 2976 τούτων
790 2923 1009 2989 αὐτοὺς,
1040 2924 1135 2978 καὶ
1159 2926 1255 2996 τῆς
1311 2928 1487 2996 ἀρχῆς
1538 2929 1791 2980 ἐκπεσεί-

211 3016 358 3083 σθαι,
389 3016 553 3070 οἱονεὶ
581 3021 967 3087 προαναφωνεῖ
996 3018 1181 3087 ἠρέμα
1207 3020 1301 3070 καὶ
1327 3019 1428 3087 τῆς
1449 3022 1788 3090 προφητείας

210 3112 645 3179 ἀναμιμνήσκων
672 3108 891 3171 αὐτοὺς,
920 3109 955 3179 ἦ
994 3126 1160 3179 φησιν
1183 3126 1195 3139 ·
1219 3129 1235 3159 t
1273 3111 1407 3179 Οὐχὶ
1443 3113 1511 3163 τὰ
1540 3113 1789 3180 πρόϐατά

212 3220 312 3270 μου
343 3206 631 3270 βόσκουσιν
657 3202 706 3253 οἱ
740 3202 1000 3270 ποιμένες
1042 3201 1137 3254 τοῦ
1214 3202 1450 3273 Ἰσραήλ.
1536 3205 1667 3257 Ἰδοὺ
1726 3207 1788 3259 τὸ
1816 3236 1856 3294 C

209 3296 746 3363 γάλαίκατεσθίετε,
808 3299 904 3351 καὶ
954 3299 1023 3351 τὰ
1068 3298 1195 3369 ἔρια
1231 3299 1647 3369 περιδάλλεσθε,
1696 3304 1789 3356 καὶ

210 3389 269 3438 τὸ
324 3388 477 3457 παχὺ
538 3389 799 3455 σφάζετε,
868 3391 959 3444 καὶ
1040 3394 1106 3445 τὰ
1186 3394 1438 3463 πρόϐατά
1511 3413 1615 3465 μου
1690 3398 1789 3451 οὐκ

210 3475 488 3532 ἐϐόσκετε.
533 3498 551 3530 ι

284 3586 304 3617 ι
359 3568 418 3620 '0
450 3570 655 3638 ποιμὴν
693 3572 910 3635 ὀκαλδς
958 3575 1059 3645 τὴν
1116 3575 1294 3646 ψυχὴν
1354 3579 1521 3631 αὐτοῦ
1577 3580 1788 3652 τίθησιν

208 3656 348 3724 ὑπὲρ
378 3657 487 3709 τῶν
517 3659 832 3727 προϐάτων.
868 3681 889 3715 ι
924 3666 1318 3734 Προαναφωνεί
1357 3669 1417 3718 τὸ
1446 3670 1640 3734 Πάθος,
1696 3672 1789 3722 καὶ

207 3749 585 3817 προκηρύττει
615 3753 703 3802 τὸν
734 3753 983 3807 ἑκούσιον
1014 3755 1261 3810 θάνατον.
1292 3760 1515 3822 Δεικνὺς
1552 3762 1788 3815 ὁτιοῦτω

211 3843 439 3910 στέργει
470 3843 540 3895 τὰ
574 3844 849 3914 πρόϐατα,
882 3846 1023 3899 ὥστε
1055 3848 1154 3918 τὴν
1185 3849 1365 3919 ψυχὴν
1399 3853 1563 3905 αὑτοῦ
1604 3854 1787 3907 δίδωσι

210 3931 412 3999 λύτρον
440 3933 581 4002 ὑπὲρ
614 3936 817 3990 αὐτῶν.

288 4043 309 4075 ι
346 4026 457 4077 Καὶ
492 4026 750 4092 γινώσκω
796 4029 866 4083 τὰ
892 4031 1021 4101 ἐμὰ,
1062 4034 1156 4086 καὶ
1178 4036 1519 4106 γινώσκομαι
1547 4037 1651 4089 ὑπὸ
1680 4039 1786 4092 τῶν

211 4116 385 4185 ἐμῶν.
427 4135 445 4167 ι
482 4118 555 4170 Οὐ
602 4119 861 4173 τοσοῦτον
904 4122 1239 4189 γινώσκεται
1298 4126 1429 4197 παρ’
1461 4130 1641 4196 ἡμῶν,
1665 4130 1788 4182 ὅσον

210 4210 374 4270 αὐτὸς
415 4210 505 4261 τὸν
528 4212 750 4281 Πατέρα
777 4215 1063 4277 γινώσκει,
1088 4220 1182 4270 καὶ
1240 4219 1332 4271 ὑπ’
1360 4221 1570 4271 ἐκείνου
1622 4221 1789 4288 γινώ-

214 4316 432 4362 σκεται,
464 4302 602 4354 ἀλλὰ
630 4305 833 4369 γνῶσιν
868 4307 1102 4360 ἐνταῦθα
1133 4309 1231 4377 τὴν
1264 4311 1573 4381 οἰκειότητα
1604 4312 1785 4380 λέγει’

213 4389 401 4453 καθὼς
429 4393 543 4453 τοῖς
570 4392 796 4459 φαύλοις
826 4397 883 4448 ἐν
932 4398 1119 4472 ἄλλοις
1178 4402 1346 4470 φησίν
1378 4417 1389 4429 ⁸
1458 4422 1475 4453 ι
1514 4405 1625 4456 Οὐκ
1672 4401 1790 4460 οἶδα

212 4484 359 4551 ὑμᾶς
393 4498 408 4511 ο
450 4502 469 4534 ι
503 4485 720 4547 πάντως
753 4487 934 4554 λέγων
966 4489 1065 4559 τὴν
1095 4491 1305 4562 εἴδησιν
1333 4509 1347 4522 ·
1384 4495 1505 4557 πῶς
1532 4499 1639 4565 γὰρ
1672 4500 1785 4566 ἡγ-

1518 416 1843 477 IIOMILIA
1912 415 2097 479 LVII.

197 552 404 601 ϐάτων.
443 546 606 599 Ἀλλὰ
636 541 821 596 δοῦλον
852 541 1014 594 αὐτὸν
1041 538 1277 602 ἀκούων,
1314 536 1479 608 μηδέν
1503 554 1557 588 τι
1586 552 1779 605 μικρο-
1811 535 1856 594 Α
1888 531 2130 601 prmdicit
2156 574 2170 598 ,

3354 415 3459 477 908

2231 529 2322 601 qui
2380 528 2613 585 animam
2671 542 2821 584 suam
2876 528 3055 600 posuit
3116 542 3213 598 pro
3272 532 3460 584 ovilms

1884 625 1997 677 suis
2028 623 2095 675 ".
2145 624 2250 677 Sed
2286 624 2511 677 audiens
2542 637 2789 687 servum,
2827 638 2893 677 ne
2917 622 3078 675 veluti
3129 621 3219 690 qui
3269 622 3461 688 pusillo

1884 726 2011 769 sunt
2041 715 2223 768 animo
2259 715 2630 775 conturberis,
2667 714 2819 783 quasi
2855 727 2980 765 vero
3010 728 3070 765 ea
3102 727 3223 781 qua:
3258 712 3460 764 nomini

1884 807 2212 877 signiﬁcatio
2266 808 2490 871 subest,
2545 809 2881 878 majestatetn
2954 810 3100 859 verbi
3169 810 3459 861 tlimiuuat.

1886 901 2155 967 Quoniam
2192 899 2334 953 enim
2365 900 2594 953 formam
2627 902 2766 954 servi
2805 901 3012 967 accepit
3047 897 3182 969 (il),
3222 914 3454 952 commu-

1886 1010 2005 1047 nem
2045 993 2147 1047 sibi
2192 993 2318 1048 fecit
2367 993 2781 1063 appellationem
2820 1011 2938 1049 eam
2971 1011 3094 1062 qum
3128 1004 3210 1049 est
3246 996 3460 1062 propria

1884 1084 2067 1138 carnis
2097 1096 2405 1153 assumpta‘.
2449 1085 2526 1140 Re
2569 1085 2711 1138 enim
2758 1100 2882 1138 vera
2933 1086 3173 1140 subdidit
3207 1101 3266 1141 se
3295 1087 3463 1147 carni,

1887 1186 1941 1231 et
1992 1178 2326 1244 parentibus,
2378 1192 2426 1232 et
2487 1178 2838 1247 passiouibus
2889 1180 3107 1244 nostris,
3157 1186 3215 1233 ut
3266 1194 3364 1232 nos
3416 1179 3465 1229 in

1888 1270 2201 1324 libertatem
2239 1278 2511 1323 assereret
2547 1288 2560 1324 :
2599 1279 2654 1324 et
2682 1270 2939 1324 omnibus
2970 1269 3036 1323 iis
3070 1270 3265 1336 quibus
3292 1267 3465 1322 salvos

1888 1361 2125 1417 reddidit
2159 1378 2253 1418 eos
2280 1364 2369 1430 qui
2407 1361 2506 1415 sub
2539 1372 2755 1430 peccato
2790 1361 3201 1416 detinebantur.

1954 1469 1982 1502 ι
2023 1449 2622 1515 Mereenarius‘autem,
2646 1461 2698 1504 et
2726 1454 2815 1520 qui
2846 1467 2951 1506 non
2977 1462 3055 1507 est
3084 1461 3292 1521 pastor,
3315 1451 3470 1520 cujus

1889 1558 1994 1597 non
2028 1553 2155 1599 sunt
2202 1561 2333 1599 oves
2368 1545 2622 1611 proprim,
2655 1545 2799 1597 videt
2834 1547 3015 1612 lupum
3047 1544 3378 1609 venientem,
3417 1550 3472 1596 et

1888 1636 2112 1690 dimittit
2141 1651 2294 1699 oves,
2331 1644 2384 1689 et
2414 1635 2571 1704 fugit.
2610 1654 2629 1686 ι
2670 1635 2736 1688 Ει
2765 1637 2816 1689 in
2846 1636 2965 1705 lege
2996 1648 3049 1690 et
3094 1637 3145 1689 in
3189 1634 3471 1705 prophetis

1888 1728 2259 1782 mercenarius
2290 1728 2431 1780 male
2466 1728 2654 1793 audit;
2689 1727 2770 1782 lex
2798 1728 2942 1781 enim
2968 1728 3169 1797 excipit
3190 1742 3470 1781 mercena-

1886 1819 2027 1870 rium
2061 1816 2127 1868 ah
2160 1815 2228 1870 iis
2257 1815 2455 1884 quibus
2490 1818 2778 1871 comedere
2805 1828 2992 1871 sancta
3031 1816 3468 1883 concedebatur;

1893 1908 1973 1963 sic
2007 1907 2149 1961 enim
2184 1907 2345 1961 habet
2374 1925 2387 1961 :
2427 1925 2446 1957 ι
2483 1906 2791 1976 lnquilinns
2820 1909 3139 1970 sacerdotis,
3186 1918 3239 1963 et
3265 1922 3471 1962 merce-

1893 2000 2077 2053 narius
2108 2013 2213 2053 non
2246 1999 2494 2052 comedet
2524 2004 2718 2051 sancta
2741 1997 2810 2052 ".
2846 2015 2864 2049 ι
2902 1998 3126 2066 Magnus
3149 2013 3277 2052 vero
3305 1998 3472 2051 Isaias

1894 2090 2302 2157 imprecationis
2338 2090 2505 2160 figura
2538 2090 2840 2160 praedicens
2871 2105 2930 2145 ea
2966 2105 3085 2159 quae
3122 2089 3277 2143 Moab
3306 2106 3472 2144 even-

1893 2192 2012 2238 tura
2055 2176 2255 2239 erant:
2292 2200 2310 2234 ι
2350 2184 2788 2249 lnhonorabitur,
2846 2184 3042 2252 inquit,
3097 2183 3264 2253 gloria
3316 2181 3480 2236 Moab

1893 2275 1948 2329 in
1979 2275 2153 2329 tribus
2174 2274 2333 2329 annis
2362 2275 2686 2327 mercennarii
2711 2276 2777 2327 ⁷⁵.
2814 2294 2832 2324 ι
2860 2274 2998 2339 Quid
3024 2275 3162 2329 hoc?
3188 2274 3470 2338 nimirum,

1897 2365 2026 2435 quia
2065 2365 2388 2419 mercenarii
2427 2380 2591 2434 opera
2621 2380 2731 2418 non
2765 2379 2828 2417 ex
2860 2364 3052 2418 affectu
3080 2364 3345 2433 profecta,
3374 2365 3472 2419 sed

1895 2455 2020 2510 ﬁcta
2051 2465 2153 2510 est.
2187 2455 2412 2510 Videtur
2471 2456 2635 2523 igitur
2688 2456 2945 2509 Dominus
2996 2457 3314 2511 mercenarii
3374 2470 3475 2511 n0-

1893 2550 2041 2604 mine
2084 2549 2454 2618 perstringere
2496 2547 2824 2611 Pharisaeos,
2878 2556 2933 2602 et
2967 2550 3223 2614 Scrihas,
3253 2550 3393 2617 quod
3440 2564 3471 2604 a

1893 2643 2095 2700 divinis
2144 2642 2429 2713 praeceptis
2484 2642 2888 2708 desciscentes,
2963 2653 3019 2697 et
3072 2644 3471 2713 dignitatibus,

1896 2735 2359 2791 mercenariorum
2413 2749 2564 2788 more
2612 2736 2787 2801 pretio
2834 2735 3199 2804 comparatis,
3251 2735 3475 2788 minime

1894 2817 2263 2896 procurabant
2295 2839 2547 2895 gregem,
2597 2835 2651 2879 et
2683 2840 2769 2879 res
2798 2825 3009 2879 divinas
3046 2828 3272 2895 quaestui
3303 2826 3473 2881 habe-

1898 2921 2049 2972 bant.
2104 2918 2212 2973 Eos
2267 2919 2431 2988 igitur
2485 2917 2766 2972 confundit
2824 2919 2909 2972 his
2962 2920 3163 2983 verbis,
3215 2929 3269 2973 et
3316 2917 3475 2988 quasi

1896 3011 2222 3079 przenuntiat
2256 3009 2625 3063 deturbandus
2656 3010 2721 3063 de
2752 3010 3056 3077 principatu
3091 3025 3226 3074 suo;
3268 3010 3470 3065 sensim

1893 3104 2056 3157 etiam
2092 3102 2430 3169 prophetiam
2481 3101 2699 3165 subiicit
2751 3102 2875 3165 illis,
2929 3117 3048 3170 qua:
3083 3103 3254 3157 dicit:
3294 3121 3311 3154 ι
3352 3102 3472 3156 Non

1894 3205 2123 3263 pascunt
2152 3209 2281 3247 oves
2313 3209 2461 3247 meas
2494 3201 2751 3260 pastores
2787 3192 2974 3247 Israel.
3010 3194 3148 3247 Ecce
3179 3194 3261 3247 lac
3289 3209 3471 3247 come-

1893 3289 2042 3351 ditis,
2071 3297 2125 3341 et
2156 3287 2293 3340 lanis
2330 3286 2642 3355 operimiui,
2691 3296 2743 3338 et
2770 3287 2911 3353 quod
2941 3301 3187 3340 crassum
3216 3295 3298 3341 est
3327 3286 3472 3341 occi-

1892 3377 2041 3442 ditis,
2075 3386 2127 3429 et
2158 3389 2288 3429 oves
2316 3390 2464 3429 meas
2496 3389 2602 3427 non
2640 3376 2862 3443 pascitis
2888 3375 2951 3426 ⁷⁸.
2985 3394 3005 3426 ι

1965 3589 1984 3623 ι
2022 3570 2201 3625 Bonus
2233 3570 2429 3624 Pastor
2464 3569 2699 3623 animam
2751 3585 2903 3624 suam
2959 3572 3108 3638 ponit
3151 3586 3247 3639 pro
3278 3574 3469 3629 ovibus

1890 3664 2025 3717 suis.
2057 3682 2074 3715 ι
2101 3662 2413 3716 Passionem
2452 3662 2536 3714 hic
2568 3678 2717 3715 suam
2745 3663 3010 3730 pra:dicit,
3030 3674 3084 3718 et
3106 3666 3465 3719 voluntariam

1892 3755 2218 3826 pramuntiat
2262 3764 2533 3819 mortem;
2580 3763 2634 3807 et
2671 3765 2950 3823 tantopere
3000 3771 3028 3809 a
3069 3771 3128 3810 se
3162 3757 3311 3827 diligi
3340 3774 3465 3813 oves

1890 3846 2163 3911 ostendit,
2218 3854 2277 3898 ut
2326 3843 2561 3897 animam
2610 3859 2761 3899 suam
2811 3846 3197 3916 redemptionis
3229 3848 3464 3917 pretium

1891 3940 2088 3993 tradat.

1966 4062 1985 4095 ι
2020 4041 2086 4095 Ει
2135 4055 2408 4111 cognosco
2466 4056 2598 4095 oves
2654 4054 2836 4105 meas,
2889 4048 2942 4093 et
2996 4049 3329 4108 cognoscunt
3380 4057 3465 4095 me

1891 4148 2045 4187 meae.
2081 4150 2099 4183 ι
2130 4130 2246 4186 Νοιι
2276 4131 2349 4184 ita
2372 4132 2718 4201 cognoscitur
2746 4146 2775 4183 a
2805 4131 2960 4184 nobis
2988 4138 3044 4183 ut
3072 4130 3159 4185 ille
3187 4133 3463 4201 cognostit

1891 4224 2132 4287 Patrem,
2157 4231 2212 4277 et
2242 4224 2310 4277 ab
2338 4223 2427 4279 illo
2454 4225 2820 4291 cognoscitur,
2854 4222 2948 4277 sed
2979 4238 3072 4292 per
3100 4225 3466 4293 cognitionem

1894 4315 1997 4369 hoc
2025 4312 2147 4367 loco
2189 4311 2612 4366 familiaritatem
2644 4314 2932 4382 quamdam
2962 4313 3247 4383 signiﬁcat.
3292 4314 3354 4367 Et
3388 4318 3467 4369 si-

1893 4406 2001 4460 cuti
2030 4404 2160 4459 alibi
2185 4404 2317 4458 dicit
2347 4405 2646 4473 improbis:
2675 4405 2839 4476 39o
2873 4423 2890 4456 ι
2924 4404 3038 4459 Non
3084 4408 3203 4459 novi
3233 4421 3328 4460 vos
3349 4408 3415 4473 ⁷⁷,
3444 4426 3464 4460 ι

1895 4513 1999 4550 non
2032 4511 2408 4567 quamcunque
2431 4498 2794 4565 cognitionem
2824 4498 3152 4565 intelligens.
3183 4499 3471 4564 Quomodo

210 4574 322 4625 νόει
351 4575 379 4625 ὁ
404 4576 502 4626 καὶ
533 4576 664 4644 πρὶν
687 4578 975 4644 γενέσεως,
998 4581 1177 4634 πάντα
1202 4583 1355 4644 εἰδώς
1377 4600 1391 4647 ;
1424 4586 1531 4637 Καὶ
1565 4564 1672 4658 μὴν
1694 4564 1788 4640 καὶ

1894 4590 2039 4644 enim
2096 4603 2200 4643 non
2250 4597 2560 4658 cognoscat,
2613 4590 2702 4658 qui
2754 4590 2931 4643 omnia
2985 4590 3135 4645 novit
3178 4602 3468 4661 antequam

207 4666 267 4714 τὸ
300 4683 320 4713 ι
349 4661 483 4717 Οἶδά
516 4682 574 4718 σε
610 4670 762 4737 παρά
811 4672 1027 4725 πάντων
1063 4691 1082 4724 ι
1124 4675 1413 4745 εἰρημένον
1466 4676 1540 4747 τῷ
1604 4681 1794 4734 Μωσεί

210 4755 351 4825 πρὸς
379 4755 538 4821 Θεὸν,
566 4757 711 4810 οὕτω
742 4763 1193 4831 προσήκεινοεῖν.
1226 4767 1395 4829 Αὐτὸς
1426 4769 1524 4837 μὲν
1549 4768 1639 4822 οὖν
1659 4772 1792 4841 ἡμῖν

209 4846 466 4916 ᾠκειώθη
495 4848 584 4901 διὰ
626 4850 849 4919 σαρκὸς,
883 4854 1046 4921 ἡμεῖς
1101 4856 1314 4927 δἀὑτῷ
1347 4857 1415 4911 δι’
1448 4860 1654 4930 ἀρετῆς
1712 4864 1791 4914 οξ-

210 4939 535 5008 κειούμεθα.

286 5119 399 5171 Καὶ
426 5119 563 5173 ἄλλα
591 5123 844 5193 πρόϐατα
868 5124 999 5197 ἔχω,
1028 5126 1064 5180 ἃ.
1089 5129 1188 5183 οὐκ
1217 5131 1365 5185 ἔστιν
1396 5134 1459 5186 ἐκ
1489 5133 1589 5204 τῆς
1617 5136 1789 5207 αὐλῆς

284 5275 330 5305 ⁷³
370 5272 532 5327 Joan.
577 5291 630 5339 Χ,
671 5277 758 5332 15.

878 5280 925 5311 ⁷⁸
965 5280 1138 5337 Levit.
1200 5300 1333 5350 xm,
1382 5286 1470 5341 l0.

214 5343 257 5377 ’⁸
299 5345 478 5398 Exod.
520 5361 714 5413 sum,
754 5348 839 5402 12.

1585 5289 1631 5319 ⁷³
1673 5288 1780 5346 lsa.
1825 5306 1950 5356 xu,
1995 5293 2080 5348 M.

1897 4682 2088 4736 ﬁeret?
2114 4682 2252 4749 Quin
2278 4681 2440 4736 etiam
2472 4681 2602 4735 illud
2628 4680 2795 4754 Moysi
2819 4682 3022 4736 dictum
3050 4699 3077 4736 a
3113 4683 3264 4740 Deo:
3300 4702 3319 4736 ι
3353 4682 3478 4739 Prae

1895 4774 2148 4827 omnibus
2179 4775 2303 4827 novi
2333 4782 2383 4826 te
2409 4772 2519 4843 (12)
2547 4773 2617 4838 ⁷⁸,
2650 4791 2670 4825 ι
2709 4774 2856 4829 hunc
2904 4775 3065 4829 habet
3108 4777 3270 4829 etiam
3317 4774 3473 4829 intelo

1895 4864 2119 4919 lectum.
2165 4865 2285 4935 Ipse
2334 4865 2501 4935 igitur
2550 4864 2708 4919 nobis
2752 4880 2847 4934 per
2887 4881 3107 4921 carnem
3142 4867 3478 4921 domesticus

1896 4958 2072 5010 factus
2100 4969 2202 5022 est,
2237 4972 2332 5011 nos
2361 4970 2489 5011 vero
2524 4972 2650 5011 cum
2680 4957 2773 5012 illo
2810 4971 2908 5027 per
2935 4958 3190 5013 virtutem
3233 4957 3472 5012 familia-

1897 5050 2055 5102 ritate
2082 5049 2480 5118 conjungimur.

1978 5159 1996 5192 ‹
2029 5142 2177 5197 Alias
2203 5156 2334 5198 oves
2368 5142 2566 5209 habeo,
2598 5158 2718 5215 qua:
2748 5159 2856 5200 non
2888 5152 3105 5200 suntex
3146 5144 3246 5200 hoc
3272 5144 3419 5200 ovili.
3446 5164 3471 5200 ι

2187 5294 2232 5325 ⁷⁸
2271 5291 2471 5351 Ezech.
2516 5311 2702 5364 xxxrv,
2732 5296 2789 5353 3.
2886 5296 2931 5329 "
2967 5295 3103 5353 Luc.
3144 5312 3263 5364 xm,
3309 5297 3403 5353 25.

1450 5451 1773 5514 Francisci
1802 5453 2008 5517 Scorsi
2041 5465 2231 5520 noun.

250 5561 395 5643 .(l
430 5562 681 5643 Formam
707 5569 837 5643 servi
868 5571 1082 5636 accepit.
1123 5572 1373 5643 Eamdetn
1420 5589 1531 5627 rem
1572 5577 1790 5643 exponit

213 5634 296 5685 hic
336 5633 498 5706 Pater
523 5636 667 5689 hom.
706 5639 790 5701 l5,
816 5643 879 5690 ad
912 5633 1071 5706 quam
1102 5642 1275 5695 recole
1314 5655 1420 5696 not.
1480 5647 1572 5700 25.

282 5704 396 5769 (I2)
433 5704 564 5783 ρης
620 5710 854 5783 omuillus
887 5704 1001 5783 naui
1027 5721 1096 5763 te.
1162 5712 1257 5765 llic
1289 5713 1437 5767 locus
1468 5720 1558 5783 qui
1589 5718 1791 5769 citatnr

210 5776 626 5848 elyexpliCatur
682 5793 708 5829 a
762 5777 1112 5848 TheOphaue,
1163 5792 1247 5835 est
1302 5798 1363 5834 ex
1397 5776 1570 5840 (inec.
1595 5789 1784 5841 transl.

216 5841 359 5899 ιλιι
400 5850 627 5914 interpr.
665 5849 829 5904 Exodi
859 5841 974 5910 cui).
1011 5841 1197 5916 uim,
1227 5869 1273 5906 v.
1312 5854 1394 5917 12,
1420 5864 1470 5907 et
1505 5856 1563 5908 l7
1598 5858 1707 5910 εΣῡ
1730 5858 1784 5910 δέ

1900 5597 1990 5656 μοι
2020 5576 2202 5656 εἶπας
2223 5579 2354 5635 Οἶδά
2374 5600 2431 5636 σε
2458 5585 2608 5653 παρὰ
2626 5584 2862 5656 πάντας,
2881 5585 2975 5638 καὶ
2993 5584 3153 5654 χάριν
3176 5585 3317 5655 ἔχεις
3340 5588 3473 5656 παρ’

1896 5653 2052 5718 ἐμοι·
2095 5651 2172 5705 Tu
2223 5664 2391 5707 autem
2418 5651 2603 5709 dixisti
2629 5659 2753 5706 mihi
2782 5671 2801 5708 :
2834 5655 2953 5709 Scio
2990 5651 3035 5708 te
3073 5651 3470 5722 pne—omnibus,

1897 5732 1941 5772 et
1968 5723 2191 5789 gratiam
2213 5725 2367 5777 habes
2401 5730 2541 5791 apud
2568 5743 2665 5778 me.
2691 5725 2755 5778 Et
2789 5727 2983 5778 ibidem
3019 5728 3156 5778 intra
3190 5736 3470 5791 repetitur.

1899 5791 1953 5864 l_tt
2011 5804 2193 5864 nostra
2248 5807 2425 5845 autem
2496 5799 2741 5849 versione
2804 5795 2957 5863 Vulg.
3027 5799 3311 5864 utrobique
3341 5808 3471 5851 est:

1903 5858 2039 5913 Noti
2064 5874 2109 5915 te
2132 5878 2193 5914 ex
2221 5866 2446 5920 nomine.
2485 5865 2557 5920 De
2601 5881 2709 5930 quo
2746 5868 2865 5921 vide
2896 5858 3216 5927 interpretes
