4168 6456
690 411 713 478 1
726 414 829 481 023

1906 398 2401 461 THEOPHANIS
2442 400 2781 459 CERAMEI

3813 391 3963 455 10‘24

688 529 817 583 solis
849 526 968 581 luce
997 524 1283 579 clariorem
1329 518 1847 579 reminiscerentur;
1882 514 1924 569 si
1966 529 2260 584 purpuram

2392 512 2480 574 πῶς
2516 510 2956 580 χλαινιζὸμενον,
3001 508 3165 561 αὐτὸν
3207 504 3348 561 εἶναι
3395 505 3728 559 πιστεύσωσι
3770 505 3860 556 τὸν
3908 509 3967 557 ἐν

688 635 785 689 per
819 634 1088 673 summum
1126 613 1411 667 ludibrium
1467 611 1540 663 illi
1567 609 1991 675 circumiectam,
2020 607 2268 661 eumdem

695 722 879 766 tamen
930 710 1255 767 crederent,
1315 704 1415 779 qui
1467 703 1519 756 in
1564 706 1748 754 monte
1800 699 2021 752 indutus
2084 696 2273 750 fuisset

695 802 901 855 lumine
933 800 1075 853 sicut
1107 797 1465 857 vostimettto;
1516 792 1561 847 si
1595 793 1738 845 inter
1769 791 1902 843 duos
1940 787 2274 841 facinorosos

694 893 939 947 homines
970 892 1022 943 in
1056 887 1301 957 patibulo
1333 885 1625 946 confixum,
1674 879 1921 935 eumdem
1970 892 2090 932 esse
2117 892 2276 945 repu-

694 994 891 1047 tarent,
921 984 1010 1051 qui
1048 984 1098 1034 iu
1130 980 1287 1033 Mos-.c
1331 988 1384 1032 ct
1440 978 1565 1030 Elia:
1597 975 1773 1027 medio
1802 983 2055 1039 tanquam
2095 970 2279 1022 Domi-

701 1092 802 1131 nus
836 1076 1089 1129 satellitio
1122 1074 1358 1141 stipatus
1393 1066 1729 1137 apparuisset
1760 1087 1771 1118 :
1826 1065 1871 1117 si
1918 1064 1970 1115 in
2018 1073 2159 1115 terra
2186 1077 2275 1115 se-

703 1166 934 1235 pultum,
998 1172 1053 1215 ut
1094 1176 1259 1214 unum
1317 1174 1382 1213 ex
1439 1156 1688 1218 mortuis,
1740 1152 2075 1221 splendidam
2134 1151 2276 1203 illam

702 1258 897 1310 nubent
932 1263 1207 1310 versarent
1236 1253 1436 1311 animo,
1475 1264 1502 1301 a
1536 1262 1639 1314 qua
1683 1247 1896 1299 fuerant
1946 1244 2276 1296 oliuznbrati.

698 1345 805 1399 llas
835 1346 1012 1413 itaque
1036 1345 1104 1395 ob
1132 1354 1323 1395 causas
1358 1337 1794 1405 Transfignratio
1832 1334 1971 1386 facta
2009 1344 2113 1387 εει.
2144 1332 2280 1387 For-

700 1454 800 1493 san
839 1440 1023 1497 etiam,
1056 1436 1202 1505 quia,
1239 1448 1362 1487 cum
1397 1430 1649 1487 Salvator
1680 1429 1820 1480 inter
1864 1427 2185 1487 docendum,
2223 1436 2282 1480 ut

696 1544 763 1582 ne
795 1530 1005 1597 corpori
1046 1534 1350 1593 parcerent,
1394 1524 1639 1576 hortatus
1684 1520 1767 1573 his
1820 1520 2002 1573 verbis
2055 1517 2279 1572 fuerat:

708 1638 725 1669 ι
767 1620 821 1672 Si
854 1620 975 1686 quis
998 1620 1109 1669 volt
1134 1616 1317 1669 venire
1350 1622 1467 1683 post.
1492 1625 1599 1673 me,
1630 1612 1860 1677 abneget
1903 1611 2283 1676 semetipsum,

694 1718 749 1762 ct
782 1708 933 1761 tollat
964 1722 1181 1761 crucem
1213 1719 1391 1763 suam,
1422 1710 1473 1754 et
1504 1711 1762 1767 sequatur
1785 1715 1869 1753 me
1888 1699 1955 1762 ",
1994 1718 2012 1750 ι
2064 1696 2284 1750 difﬁcile

702 1815 834 1853 vero
894 1800 1174 1853 videbatur
1225 1797 1492 1862 abnegare
1524 1808 1584 1847 se
1631 1792 1827 1859 ipsum,
1867 1800 1921 1843 et
1964 1789 2282 1856 probrosam

2374 604 2451 673 τῷ
2482 605 2599 674 ὄρει
2628 602 2990 673 περιϐαλόντα
3015 602 3075 654 τὸ
3104 600 3219 668 φῶς
3243 601 3319 665 ὼς
3349 600 3564 669 ἱμάτιον
3586 615 3600 628 ’
3630 598 3695 651 ἂν
3722 600 3777 651 ὲν
3812 599 3967 667 μέσῳ

2374 700 2469 753 δύο
2518 698 2844 765 κακούργων
2895 695 2975 763 τῷ
3029 695 3189 764 ίκρίῳ
3248 690 3744 763 προσπηγνύμενον
3770 692 3964 752 αύτδν,

2376 788 2757 856 κατανοήσωσι
2790 785 2881 837 τὸν
2915 784 2972 835 ὲν
3011 783 3158 852 μέσῳ
3208 782 3455 842 Μωσέως
3497 780 3592 832 καὶ
3658 778 3845 830 Ίιλίου
3890 777 3969 838 ὠς

2378 884 2655 953 Δεσπότην
2676 881 3143 951 δορυφορούμενον
3163 898 3177 912 ο
3202 880 3269 933 ἂν
3293 882 3349 931 ὲν
3370 882 3435 948 τῇ
3464 882 3532 947 γῇ
3560 878 3635 940 ὡς
3655 876 3849 945 νεκρὺν
3872 892 3970 925 κα-

2378 976 2747 1044 λυπτόμενον,
2778 975 2878 1044 τῆς
2913 974 3181 1045 φωτεινῆς
3214 974 3446 1041 νεφέλης
3482 970 3833 1040 ἑνθυμηθῶσι
3869 968 3967 1035 τὴν

2382 1068 2719 1120 ἐπισκίασιν.
2752 1068 2852 1120 Διά
2881 1068 3053 1121 ταῦτα
3093 1068 3187 1134 μὲν
3216 1065 3309 1118 οὖν
3339 1067 3372 1134 ἡ
3410 1066 3836 1133 μεταμόρφωσις
3874 1063 3967 1128 γέο

2381 1172 2528 1222 γονε·
2562 1156 2705 1223 τάχα
2738 1156 2795 1208 δὲ
2830 1160 2926 1210 καλ.
2959 1155 3145 1226 ἐπειδὴ
3183 1155 3465 1224 παραινῶν
3498 1158 3525 1206 ὁ
3560 1155 3773 1222 Σωτὴρ,
3812 1153 3971 1218 ἀφει-

2382 1248 2490 1301 δεῖν
2519 1247 2612 1300 τοῦ
2636 1247 2889 1316 σώματος
2919 1249 3252 1318 προέτρεπε,
3285 1248 3462 1314 λέγων
3485 1262 3497 1275 ’
3542 1266 3560 1297 ι
3596 1248 3786 1307 Ὅστις
3819 1245 3968 1296 θέλει

2382 1337 2559 1391 ὀπίσω
2614 1355 2714 1407 μου
2765 1338 3096 1399 ἀκολουθεῖν,
3146 1339 3555 1408 ἀπαρνησάσθω
3606 1337 3822 1399 ἑαυτὸν,
3877 1338 3969 1387 καὶ

2386 1430 2575 1499 ἀράτω
2606 1430 2696 1482 τὸν
2730 1430 2960 1498 σταυρὸν
2994 1430 3162 1482 αὑτοῦ
3185 1472 3199 1494 ,
3236 1433 3329 1483 καὶ
3374 1430 3739 1482 ἀκολουθείτω
3786 1444 3901 1497 μοι’
3946 1448 3964 1477 9

2384 1519 2647 1589 δυσχερὲς
2686 1518 2741 1571 δὲ
2775 1518 2950 1571 ἐδόκει
2981 1519 3040 1571 τὸ
3070 1519 3264 1571 ἑαυτὸν
3295 1517 3749 1587 ἀπαρνήσασθαι,
3783 1517 3880 1567 καὶ
3911 1516 3973 1566 τὸ

2386 1609 2605 1661 ἑλέσθαι
2636 1608 2727 1661 τὸν
2760 1610 3124 1662 ἐπονείδιστον
3157 1609 3407 1671 θάνατον,
3444 1610 3680 1661 δείκνυσι
3714 1612 3827 1668 τοῖς
3870 1627 3971 1675 μα-

2388 1699 2575 1769 θηταῖς
2622 1703 2651 1754 ὁ
2701 1702 2913 1771 Σωτὴρ,
2962 1702 3080 1765 οἵας
3125 1699 3285 1767 δόξης
3333 1701 3732 1771 ἀξιωθήσονται
3794 1702 3844 1753 οἱ
3914 1702 3972 1751 τὸ

2390 1791 2605 1844 ἐκείνου
2640 1792 2811 1854 πάθος
2846 1793 3196 1862 μιμούμενοι.
3230 1793 3397 1847 Οὐδὲν
3427 1794 3535 1864 γὰρ
3568 1795 3696 1848 ἄλλο
3731 1796 3763 1862 ή
3804 1812 3973 1864 μετα-

703 1902 937 1944 mortcm
993 1894 1271 1957 oppetere,
1336 1884 1572 1937 ostendit
1629 1880 1905 1949 discipulis
1960 1879 2104 1933 idem
2164 1879 2283 1933 Sal-

2394 1884 2675 1951 μόρφωσις
2724 1878 2822 1953 ἦν,
2876 1885 2991 1938 ἀλλ’
3023 1880 3134 1937 οἷον
3191 1886 3526 1957 προμήνυμα
3578 1886 3680 1954 τῆς
3734 1888 3972 1954 ἐσχάτης

703 1994 857 2037 valor
899 1997 1002 2051 qua
1030 1982 1100 2034 sit
1143 1996 1237 2033 eos
1279 1980 1448 2048 gloria
1482 1986 1946 2035 remuneraturtts,
1992 1974 2037 2027 si
2094 1987 2286 2042 perpe-

2390 1975 2607 2045 ὴμέρας
2628 2015 2641 2035 ,
2674 1977 2795 2028 καθ’
2822 1977 2889 2047 ἢν
2925 1977 3060 2046 μετά
3090 1977 3183 2031 τοῦ
3216 1980 3349 2032 Θεοῦ
3380 1979 3431 2030 οἱ
3459 1979 3657 2032 δίκαιοι
3687 1980 3970 2047 λάμψωσι.

704 2073 901 2125 tiemlis
942 2072 1275 2125 cruciatibus
1308 2084 1369 2122 ac
1396 2075 1569 2121 morte
1601 2070 1774 2133 ipsum
1804 2064 1997 2117 imitati
2031 2062 2284 2120 fuissent.
2325 2064 2467 2120 Nihil
2496 2068 2693 2139 quippe
2720 2070 2863 2124 aliud
2920 2068 3344 2140 Transfiguratio
3375 2068 3497 2137 fuit,
3535 2086 3696 2141 quam
3760 2072 3973 2140 species

704 2168 949 2237 qmedam
986 2166 1210 2220 extremi
1239 2165 1379 2218 illius
1411 2164 1536 2225 diei.
1572 2177 1677 2230 quo
1713 2175 1819 2213 una
1852 2176 1975 2214 cum
2010 2160 2116 2213 Deo
2142 2162 2273 2228 justi
2313 2162 2616 2232 fulgebunt.

779 2264 961 2327 Quare
1003 2272 1182 2316 auum
1218 2278 1320 2313 non
1352 2261 1418 2313 ab
1454 2260 1629 2325 initio,
1683 2260 1775 2312 sed
1811 2274 1978 2327 prope
2014 2257 2289 2315 Passionis

707 2366 920 2423 tempus
962 2352 1201 2407 exhibita
1244 2351 1369 2406 est?
1421 2347 1688 2402 Nimirum
1733 2348 1855 2415 quia
1894 2348 2144 2417 discipuli
2190 2350 2293 2401 im-

712 2448 1068 2515 perfectiores
1102 2446 1256 2499 initio
1288 2460 1392 2498 non
1443 2442 1578 2497 satis
1621 2451 1777 2496 erant
1824 2443 2024 2503 idonei,
2061 2444 2149 2507 qui
2185 2442 2289 2498 hoc

710 2544 912 2594 douttm
967 2540 1280 2606 exciperent
1329 2538 1621 2605 :adeoque
1677 2535 1975 2602 periculum
2030 2546 2168 2597 erat,
2221 2551 2289 2591 ne

708 2634 905 2685 factum
933 2632 1057 2683 illml
1081 2629 1239 2700 401
1284 2627 1586 2697 praestigias
1635 2627 2115 2695 deceptionemq-te
2157 2642 2287 2680 ccn-

706 2733 911 2778 serent.
944 2722 1071 2776 Ideo
1128 2732 1413 2789 postquam
1473 2719 1614 2773 illius
1653 2717 1763 2785 jam
1813 2720 2089 2786 cepisswnt
2121 2734 2288 2787 cxpe-

705 2816 1024 2877 rimentum,
1046 2830 1108 2869 ac
1142 2813 1230 2866 Dei
1253 2812 1447 2866 Filium
1475 2810 1709 2865 confessi
1732 2820 1935 2873 essent,
1979 2820 2106 2864 tunc
2152 2825 2287 2865 sane

708 2908 900 2961 altiore
934 2908 1023 2959 illo
1061 2907 1177 2961 visu
1202 2906 1345 2973 digni
1382 2915 1509 2958 sunt
1541 2904 1735 2957 habiti.
1769 2904 1884 2956 Alia
1914 2918 2127 2971 quoque
2156 2904 2291 2959 ratio

716 2996 940 3061 subest;
965 2996 1221 3063 quoniam
1255 2995 1398 3049 enim
1423 2994 1623 3048 mentis
1651 2994 1910 3060 imagines
1947 3010 2041 3061 per
2069 3010 2287 3048 sensum

711 3087 924 3138 vidcmli
968 3087 1194 3140 traditas
1226 3085 1604 3153 progrediente
1655 3096 1899 3153 tempore
1934 3085 2114 3140 delere
2155 3087 2293 3140 solet

712 3177 951 3242 oblivio,
992 3178 1111 3232 ideo
1146 3192 1253 3231 non
1286 3177 1454 3229 multo
1497 3186 1622 3229 ante
1671 3176 1961 3229 Passionis'
1980 3186 2190 3245 tempus
2240 3178 2291 3230 id

2463 2262 2563 2316 Διά
2591 2263 2644 2316 τί
2678 2262 2733 2316 δὲ
2766 2262 2866 2316 οὐκ
2899 2263 2955 2314 ἐν
2984 2264 3125 2333 ἀρχῇ
3151 2305 3163 2326 ,
3195 2262 3332 2315 ἀλλά
3363 2264 3590 2332 πλησίον
3620 2264 3713 2316 τοῦ
3760 2265 3976 2326 [lilio-1;

2394 2356 2782 2422 ὲγένετος⁶⁹οτι
2809 2373 2889 2408 τοι
2913 2357 3193 2426 καταρχὰς
3217 2356 3426 2417 ἀτελεῖς
3452 2358 3603 2417 ὄντες
3626 2356 3674 2407 οἱ
3707 2357 3973 2425 μαθηταδ,

2394 2448 2735 2501 ἁνεπίδεκτοι
2772 2449 3068 2517 ἐτύγχανον
3101 2450 3345 2501 τοιούτου
3380 2449 3744 2518 χαρίσματος,
3770 2452 3976 2517 mm),

2394 2540 2485 2594 λον
2514 2542 2607 2595 οὖν
2634 2538 2721 2595 οἷα
2754 2543 2958 2596 ἰδιῶται
2994 2542 3337 2612 μαγγανείας
3369 2545 3705 2612 φενακισμὸν
3737 2545 3797 2595 τὸ
3831 2546 3976 2612 πρὶς

2393 2650 2510 2701 γμα
2538 2634 2881 2700 λογίσασθαι.
2910 2635 3007 2687 Διὰ
3033 2635 3191 2686 τοῦτο
3219 2636 3305 2687 ὅτε
3338 2638 3534 2703 πεῖραν
3561 2635 3727 2687 αὑτοῦ
3758 2636 3974 2692 ελιεω,

2393 2726 2483 2777 ὅτε
2524 2725 2652 2777 Υίὸν
2689 2725 2782 2778 τοῦ
2819 2726 2955 2778 Θεοῦ
2990 2726 3370 2795 ὡμολόγησαν.
3407 2727 3528 2777 τετε
3568 2725 3705 2791 δῆτα
3748 2726 3842 2777 καὶ
3882 2727 3976 2792 τῆς

2394 2816 2733 2887 ὑψηλοτέρας
2781 2817 3093 2888 ἠξιώθησαν
3147 2819 3465 2885 ὲμσςανείας.
3516 2818 3652 2870 Καθ’
3680 2818 3871 2887 ἓτερον
3918 2820 3976 2869 δὲ

2394 2909 2574 2974 λόγον,
2617 2908 2803 2978 ἐπειδὴ
2856 2908 3231 2974 παριππεύσει
3271 2907 3363 2960 τοῦ
3413 2908 3604 2975 Zpo’vou
3652 2907 3977 2975 ἀφαιρεῖται

2394 3001 2495 3068 τῆς
2524 3001 2763 3061 διανοίας
2796 3002 2827 3070 ή
2859 3001 2993 3068 λήθη
3026 3001 3150 3061 τοὺς
3180 2998 3416 3059 τύπους.
3448 2992 3522 3047 ὧν
3551 2998 3638 3049 διὰ
3669 2998 3772 3061 τῆς
3803 2999 3977 3066 ὄφεως

2395 3093 2609 3161 εἴληφε,
2644 3094 2731 3146 διὰ
2766 3092 2923 3145 τοῦτο
2954 3092 3015 3143 ού
3058 3091 3164 3158 πρὸ
3203 3089 3399 3141 πολλοῦ
3435 3090 3528 3142 τοῦ
3568 3090 3783 3151 Παθους
3821 3091 3984 3141 τοῦτο

2396 3186 2562 3245 ποιεῖ,
2606 3182 2691 3235 ἵνα
2738 3183 2813 3251 μὴ
2849 3182 2944 3233 τοῦ
2987 3180 3265 3247 θαύματος
3310 3179 3698 3245 ἐπιλάθωνται,
3742 3180 3880 3232 ἀλλά
3918 3181 3985 3231 τὸ

714 3267 863 3336 fecit,
895 3285 959 3324 ne
993 3270 1238 3325 miraculi
1295 3270 1767 3335 obliviscerentur,
1820 3271 1913 3324 sed
1968 3272 2109 3339 quod
2165 3286 2288 3341 spe-

2396 3275 2584 3329 θεαθὲν
2616 3278 2671 3328 ἐν
2703 3274 2891 3344 ὄψεσιν
2921 3274 3121 3344 ἔχοιεν.

717 3372 1016 3426 θεανεηιιῑ,
1068 3377 1175 3430 pra:
1203 3361 1374 3417 oculis
1404 3364 1683 3416 haberent.

783 3452 966 3523 Neque
1005 3470 1133 3509 vero
1184 3454 1472 3507 multorum
1527 3456 1582 3508 in
1639 3465 1935 3524 conspectu
1972 3456 2286 3525 Transfigit-

716 3544 863 3598 ratio
914 3544 1094 3597 divina
1157 3548 1452 3613 peragitur.
1524 3544 1712 3615 Neque
1769 3549 1913 3599 enim
1988 3548 2293 3615 lmjusmodi

721 3637 984 3690 visiOnem
1014 3636 1364 3706 profanorum
1398 3637 1541 3691 oculi
1586 3652 1780 3707 capere
1823 3650 2092 3703 poterant,
2141 3641 2296 3709 cujus

725 3736 941 3783 tenuem
978 3728 1264 3795 quamdam
1291 3737 1345 3781 et
1396 3728 1683 3781 obscuram
1726 3729 2014 3796 imaginem
2070 3731 2296 3783 intuitus

715 3818 880 3875 Isaias
910 3825 1164 3876 miserum
1187 3839 1243 3876 se
1268 3823 1439 3892 ipsum
1459 3824 1789 3877 existimavit
1812 3826 1877 3873 ’³.
1925 3823 2119 3879 Nonne
2147 3826 2298 3877 audis

720 3914 883 3965 ctiam
919 3914 1217 3980 antiquitus
1249 3916 1421 3968 solum
1453 3915 1657 3969 Mosem
1691 3915 1740 3968 in
1789 3916 1918 3969 Sina
1966 3917 2294 3985 pervasisse,

716 4020 841 4059 cum
876 4005 1104 4071 populus
1147 4020 1267 4059 eam
1319 4008 1568 4061 contueri
1626 4007 1854 4076 gloriam
1906 4023 2011 4059 non
2064 4008 2300 4060 sustine-

718 4105 802 4146 ret
822 4095 880 4147 "!
917 4093 1070 4159 Quod
1101 4096 1144 4148 si
1170 4094 1457 4165 fulgentem
1489 4098 1655 4165 gloria
1686 4096 1844 4150 Mosa:
1877 4097 2077 4149 vultum
2104 4097 2296 4148 intueri

719 4183 837 4237 sine
871 4184 1138 4238 velamine
1178 4183 1387 4239 Hebraei
1424 4202 1526 4238 non
1560 4188 1868 4252 poteraut‘,
1901 4186 2174 4254 quomodo
2217 4187 2298 4237 di-

722 4276 905 4328 vinam
957 4276 1182 4344 gloriam
1232 4277 1419 4331 videre
1456 4277 1798 4331 valuissvnt?
1835 4277 2112 4332 Cacormn
2150 4278 2296 4330 enim

718 4367 1039 4422 illuminatio
1067 4408 1083 4432 ,
1146 4373 1502 4438 purgatioque
1551 4371 1911 4437 leprosorum,
1942 4380 1994 4423 et
2029 4373 2300 4427 restitutio

724 4471 1058 4514 Ittortuormn
1091 4464 1156 4515 ad
1185 4464 1349 4515 vitam
1384 4462 1662 4517 tolerabile
1693 4478 1824 4517 sane
1850 4472 1989 4525 erat,
2020 4473 2079 4515 ut
2105 4472 2300 4516 cuncto

721 4554 917 4621 populo
964 4554 1256 4621 spectanda
1308 4562 1774 4621 proponerentur;
1821 4554 2124 4608 divinitatis
2170 4570 2298 4608 vero

2471 3454 2546 3505 Οὐ
2590 3452 2864 3523 παρουσίᾳ
2896 3454 2951 3506 δὲ
2986 3452 3198 3505 πολλῶν
3230 3454 3261 3523 ἡ
3299 3453 3415 3505 θεία
3447 3454 3655 3520 γὲνεται
3702 3456 3975 3521 μεταμόρυ

2400 3562 2608 3612 φωσις⁶
2660 3546 2723 3597 οὐ
2772 3548 2878 3615 γὰρ
2931 3543 3068 3613 ἦσαν
3115 3546 3353 3597 δεκτικοὶ
3398 3548 3495 3613 τῆς
3542 3546 3798 3612 τοιαύτης
3854 3546 3984 3603 Οέει;

2398 3637 2505 3688 τῶν
2557 3637 2804 3703 βεϐήλων
2852 3639 2899 3688 οἱ
2954 3636 3247 3704 ὀφθαλμοὶ.
3296 3632 3363 3707 ἧς

2411 3729 2640 3791 Ἡσαΐας
2688 3727 2832 3788 ἰδὼν,
2874 3729 3068 3781 ἑαυτὸν
3110 3730 3447 3781 ὲταλάνισεν.
3491 3730 3604 3780 Οὐκ
3645 3729 3870 3790 ἀκούεις
3911 3728 3987 3790 ὡς

2400 3822 2493 3872 καὶ
2532 3821 2699 3874 πάλαι
2740 3822 2898 3888 μόνος
2934 3822 3111 3874 είσέδυ
3147 3822 3388 3886 Μωῦσῆς
3422 3822 3500 3882 εἰς
3533 3821 3591 3872 τὸ
3626 3822 3874 3882 Σίναιον,
3913 3821 3987 3889 μὴ

2399 3914 2756 3982 χωρήσαντος
2790 3914 2883 3965 τοῦ
2920 3912 3049 3965 λαοῦ
3085 3912 3182 3982 τὴν
3216 3914 3477 3982 τοιαύτην
3509 3913 3671 3978 δόξαν
3710 3914 3880 3973 ίδείνς
3926 3915 3986 3965 ει

2399 4005 2453 4056 δὲ
2490 4006 2733 4068 Μωσέως
2780 4005 2840 4057 τὸ
2876 4006 3167 4073 πρόσωπον
3212 4004 3470 4069 δοξασθὲν
3514 4005 3988 4073 ἀπαρακὰλυπτον

2401 4100 2448 4150 oi
2480 4098 2721 4167 Ἐὅραῖοι
2752 4100 2886 4169 ὸρᾷν
2913 4099 3013 4150 οὐκ
3046 4098 3254 4167 ἴσχυον,
3283 4098 3401 4158 πῶς
3432 4096 3497 4149 ἂν
3520 4098 3621 4164 τὴν
3646 4095 3798 4147 θείαν
3826 4097 3989 4159 δὲξαν

2404 4190 2534 4242 ἰδεῖν
2568 4190 2847 4260 ὲξίσχυονς
2881 4189 3111 4258 Τυφλῶν
3146 4189 3246 4257 μὲν
3283 4188 3390 4257 γὰρ
3422 4186 3739 4257 ἀνάϐλεψις,
3774 4189 3869 4240 καὶ
3902 4188 3990 4238 λε-

2401 4280 2556 4348 πρῶν
2594 4281 2885 4350 κάθαρσις.
2925 4283 3018 4332 καὶ
3055 4279 3267 4347 νεκρῶν
3307 4278 3626 4341 ἀναὸίωσις,
3666 4277 3881 4346 φορητὴ
3921 4273 3991 4346 ἦν

2400 4373 2629 4442 ὁρᾶσθαι
2665 4376 2826 4425 παντὶ
2858 4372 2935 4441 τῷ
2968 4372 3107 4441 λαῷ*
3138 4373 3394 4439 θεότητος
3424 4370 3478 4423 δὲ
3510 4369 3670 4435 δοξαν
3703 4370 3811 4421 κᾶν
3845 4371 3985 4437 ἀμυ-

2400 4466 2533 4535 δρὰν
2583 4466 2731 4527 ἰδεῖν,
2782 4466 2965 4533 μόνοις
3017 4466 3137 4517 ἐστὶ
3185 4466 3397 4533 φορητὴ
3445 4466 3557 4525 τοῖς
3604 4462 3871 4530 καθαροῖς
3923 4464 3986 4529 τῇ

2404 4556 2621 4627 καρδίᾳ,
2670 4557 2812 4608 κατά
2854 4556 2952 4626 τὴν
2994 4555 3087 4608 τοῦ
3133 4555 3340 4624 Κυρίου
3384 4557 3594 4623 φωνήν.
3635 4554 3697 4604 El
3738 4554 3848 4621 γὰρ
3889 4556 3991 4613 τας

3414 3637 3665 3706 ἀμυδρὰν
3715 3639 3905 3689 εἰκόνα
3957 3639 3986 3689 ὀ

721 4646 945 4711 gloriam
982 4644 1064 4698 vel
1116 4645 1401 4698 obscuram
1446 4660 1672 4699 cernere
1701 4646 1829 4700 solis
1872 4648 2088 4701 mundis
2137 4648 2289 4701 corde

2404 4648 2758 4716 λευκοφανεῖς
2788 4648 2938 4717 ἡλίου
2969 4648 3129 4716 βολὰς
3158 4649 3220 4699 ού
3254 4646 3435 4714 στέγει
3466 4644 3656 4713 λημῶν
3683 4643 3851 4709 ὁφθα)
3868 4644 3986 4711 ob;

720 4750 786 4788 ex
817 4734 1031 4787 Domini
1061 4735 1205 4788 dicto
1235 4736 1567 4792 conceditur.
1600 4736 1734 4791 Nam
1778 4740 1823 4791 si
1852 4740 2145 4793 candentes
2170 4739 2297 4792 solis

721 4826 903 4878 radios
934 4828 1231 4880 caecutiens
1287 4828 1474 4881 oculus
1534 4828 1734 4882 intueri
1771 4844 1875 4882 non
1909 4831 2161 4895 sustinet,
2200 4829 2294 4884 Sed

724 4917 792 4969 ab
847 4917 961 4983 ipso
1016 4915 1222 4987 fulgore
1270 4918 1574 4972 obczecatur
1642 4931 1695 4973 et
1763 4923 2105 4983 obscuratur,
2168 4920 2295 4989 quid

723 5007 922 5060 animis
955 5006 1195 5061 futurum
1241 5018 1406 5062 erata
1436 5019 1656 5077 peccato
1684 5020 1737 5064 et
1779 5006 2099 5064 infidelitate
2124 5002 2297 5065 cmca?

724 5098 815 5161 tis,
874 5098 918 5151 si
981 5098 1286 5154 divinitatis
1357 5100 1540 5170 jacula
1599 5102 2051 5170 conspexissent?
2117 5118 2296 5156 annon

722 5199 940 5255 stupore
975 5190 1064 5243 illo
1104 5190 1334 5259 perculsi
1382 5206 1609 5259 corpora
1643 5193 2014 5246 destituiSsent
2056 5195 2119 5246 ad
2153 5194 2299 5246 inso-

722 5279 875 5333 lituvn
930 5280 1078 5335 illum
1131 5283 1617 5351 admirandamque
1694 5286 2062 5351 spectaculum
2150 5286 2298 5338 vitali

726 5371 1013 5425 deﬁciente
1057 5373 1289 5439 spiritu?
1334 5377 1549 5442 quando
1594 5391 1694 5428 nec
1732 5378 1906 5445 angeli
1939 5378 2156 5444 quidem
2209 5393 2301 5431 as-

727 5468 938 5526 pectum
977 5463 1141 5514 homo
1173 5466 1441 5517 sustinere
1473 5474 1672 5533 poteSI.
1716 5468 1841 5520 Ideo
1877 5485 1979 5521 non
2012 5469 2064 5523 in
2112 5470 2304 5523 mediis

728 5554 919 5618 turbis,
948 5557 1039 5610 sed
1070 5558 1295 5611 seorsim
1335 5560 1435 5612 hoc
1465 5560 1783 5613 miraculum
1815 5562 2015 5628 agitur.

794 5643 911 5699 Non
948 5662 1135 5703 omnes
1176 5662 1339 5718 porro
1366 5649 1657 5720 discipulos
1689 5654 1949 5716 admittit,
2003 5656 2147 5722 quod
2209 5654 2299 5708 in-

800 5832 845 5864 "
872 5832 1060 5889 Matth.
1098 5852 1207 5899 xu,
1240 5836 1331 5889 26.
1406 5839 1451 5871 ’⁵
1486 5838 1587 5894 Isa.
1620 5854 1688 5902 vt,
1722 5838 1773 5891 ΰ.

1939 5836 2149 5893 ‘Exod.
2186 5851 2296 5899 xix,
2342 5833 2434 5902 20,
2469 5833 2559 5886 2|.

2400 4740 2539 4794 ἀλλὰ
2568 4740 2854 4793 σκοτοῦται
2887 4741 2992 4792 ὑπὸ
3019 4738 3112 4791 τοῦ
3146 4738 3324 4805 φωτὸς
3352 4735 3778 4805 ἀμαυρούμενος
3801 4774 3815 4793 ,
3845 4736 3893 4785 τί
3926 4734 3990 4784 ἂν

2398 4833 2600 4886 ἔπαθον
2632 4833 2800 4901 ψυχαὶ
2837 4832 2941 4883 ύπδ
2990 4830 3268 4899 ἁμαρτίας
3319 4830 3409 4880 καὶ
3442 4827 3705 4883 ἀπιστίας
3740 4826 3987 4892 tia-{uiit-

2398 4942 2611 4986 τουσαι,
2638 4926 2687 4976 εί
2712 4924 2808 4986 τὰς
2842 4923 3053 4992 βολίδας
3079 4922 3177 4990 τῆς
3208 4920 3461 4987 θεότητος
3489 4918 3819 4981 ἐθεάσαντος
3846 4913 3988 4985 ’Λρα

2397 5015 2496 5067 οὐκ
2526 5014 2591 5066 ἂν
2620 5014 2722 5067 ὑπὸ
2744 5014 2841 5081 τῆς
2870 5011 3187 5080 ἐκπλήξεως
3245 5010 3511 5062 ἀπέλιπον
3538 5010 3633 5060 καὶ
3659 5013 3729 5059 τα
3759 5009 3991 5075 σώματα

2399 5107 2494 5159 τοῦ
2539 5105 2773 5169 ζωτικοῦ
2823 5103 3133 5170 πνεύματος
3180 5101 3527 5169 ἐκλείψαντος
3573 5099 3649 5168 τῷ
3697 5100 3989 5169 παραδόξῳ

2405 5198 2676 5267 θεάμάτι;
2718 5199 2851 5249 ὅπου
2901 5196 3033 5265 μηδὲ
3077 5196 3311 5261 ἀγγέλου
3356 5194 3483 5246 θέαν
3531 5194 3856 5258 ὑπενεγκεῖν
3897 5194 3989 5245 ἆν-

2406 5292 2623 5360 θρωπος
2653 5289 2896 5341 δύναται.
2930 5286 3131 5339 Τούτου
3165 5288 3326 5355 χάριν
3390 5286 3488 5338 οὐκ
3542 5286 3599 5336 ἐν
3673 5285 3826 5354 μέσῳ
3884 5283 3988 5334 τῶν

2410 5384 2609 5453 ὄχλων,
2635 5382 2749 5434 ἀλλ’
2774 5382 2880 5452 ἰδίᾳ
2904 5381 2961 5433 τὸ
2994 5380 3177 5447 θαῦμα
3211 5379 3442 5446 γίνεται.

2478 5650 2553 5703 Οὐ
2587 5650 2793 5712 πάντας
2821 5649 2877 5702 δὲ
2903 5644 3324 5719 παραλαμϐάνει
3347 5645 3474 5709 τοὺς
3502 5644 3778 5715 μαθητὰς,
3806 5642 3990 5715 ἐπειδὴ

2640 5835 2661 5865 ¹
2690 5832 2857 5887 Exod.
2899 5845 3083 5895 xxuv,
3114 5828 3184 5883 99
3212 5874 3222 5893 ,
3251 5826 3290 5883 ll
3322 5827 3444 5884 Cor.
3475 5845 3556 5894 ιιι,
3591 5830 3674 5890 l5,
