  <div class='ocr_page' id='page_1' title='image "/cluster/home/n/w/nwhite01/storage/ocr_20150623/132/nnc1.0046979662/532.png"; bbox 0 0 4168 6456; ppageno 0'>
   <div class='ocr_carea' id='block_1_1' title="bbox 217 398 358 469">
    <p class='ocr_par' dir='ltr' id='par_1_1' title="bbox 217 398 358 469">
     <span class='ocr_line' id='line_1_1' title="bbox 217 398 358 469; baseline 0.057 -8"><span class='ocrx_word' id='word_1_1' title='bbox 217 398 358 469; x_wconf 74' lang='grc' dir='ltr'>ιοιδ</span> 
     </span>
    </p>
   </div>
   <div class='ocr_carea' id='block_1_2' title="bbox 1576 399 2102 461">
    <p class='ocr_par' dir='ltr' id='par_1_2' title="bbox 1576 399 2102 461">
     <span class='ocr_line' id='line_1_2' title="bbox 1576 399 2102 461; baseline -0.006 -2"><span class='ocrx_word' id='word_1_2' title='bbox 1576 399 1903 461; x_wconf 79' lang='lat' dir='ltr'><strong>HOMILIA</strong></span> <span class='ocrx_word' id='word_1_3' title='bbox 1947 399 2102 460; x_wconf 82' lang='lat' dir='ltr'><strong>LIX.</strong></span> 
     </span>
    </p>
   </div>
   <div class='ocr_carea' id='block_1_3' title="bbox 3362 390 3499 459">
    <p class='ocr_par' dir='ltr' id='par_1_3' title="bbox 3362 390 3499 459">
     <span class='ocr_line' id='line_1_3' title="bbox 3362 390 3499 459; baseline 0.058 -7"><span class='ocrx_word' id='word_1_4' title='bbox 3362 390 3499 459; x_wconf 60' lang='lat'><strong>101,5</strong></span> 
     </span>
    </p>
   </div>
   <div class='ocr_carea' id='block_1_4' title="bbox 214 499 1811 582">
    <p class='ocr_par' dir='ltr' id='par_1_4' title="bbox 214 511 1809 582">
     <span class='ocr_line' id='line_1_4' title="bbox 214 511 1809 582; baseline 0.001 -20"><span class='ocrx_word' id='word_1_5' title='bbox 214 511 458 579; x_wconf 70' lang='grc' dir='ltr'>Ἰσραήλ,</span> <span class='ocrx_word' id='word_1_6' title='bbox 494 531 511 561; x_wconf 75' lang='grc' dir='ltr'><strong>ι</strong></span> <span class='ocrx_word' id='word_1_7' title='bbox 546 511 758 564; x_wconf 75' lang='grc' dir='ltr'>Ἐκεῖνο</span> <span class='ocrx_word' id='word_1_8' title='bbox 788 512 890 580; x_wconf 83' lang='grc' dir='ltr'>μὲν</span> <span class='ocrx_word' id='word_1_9' title='bbox 919 512 1024 580; x_wconf 65' lang='grc' dir='ltr'>γὰρ</span> <span class='ocrx_word' id='word_1_10' title='bbox 1051 513 1219 581; x_wconf 65' lang='grc' dir='ltr'>χωρὶς</span> <span class='ocrx_word' id='word_1_11' title='bbox 1254 514 1457 582; x_wconf 78' lang='grc' dir='ltr'>ἄρθρου</span> <span class='ocrx_word' id='word_1_12' title='bbox 1496 513 1660 581; x_wconf 67' lang='grc' dir='ltr'>φησίν</span> <span class='ocrx_word' id='word_1_13' title='bbox 1683 530 1697 544; x_wconf 87' lang='grc'><strong>·</strong></span> <span class='ocrx_word' id='word_1_14' title='bbox 1723 516 1809 566; x_wconf 83' lang='grc' dir='ltr'>ὲν-</span> 
     </span>
    </p>
   </div>
   <div class='ocr_carea' id='block_1_5' title="bbox 1917 499 3491 582">
    <p class='ocr_par' dir='ltr' id='par_1_5' title="bbox 1917 499 3491 581">
     <span class='ocr_line' id='line_1_5' title="bbox 1917 499 3491 581; baseline -0.004 -15"><span class='ocrx_word' id='word_1_15' title='bbox 1917 515 2112 567; x_wconf 81' lang='lat' dir='ltr'><strong>minari</strong></span> <span class='ocrx_word' id='word_1_16' title='bbox 2147 532 2159 566; x_wconf 91' lang='lat'><strong>:</strong></span> <span class='ocrx_word' id='word_1_17' title='bbox 2201 534 2217 564; x_wconf 78' lang='grc' dir='ltr'><strong>ι</strong></span> <span class='ocrx_word' id='word_1_18' title='bbox 2260 512 2431 567; x_wconf 79' lang='lat' dir='ltr'><strong>Filius</strong></span> <span class='ocrx_word' id='word_1_19' title='bbox 2464 509 2778 581; x_wconf 75' lang='lat' dir='ltr'><strong>unigenittts</strong></span> <span class='ocrx_word' id='word_1_20' title='bbox 2807 524 2955 561; x_wconf 76' lang='lat' dir='ltr'><strong>tttt&#39;tts</strong></span> <span class='ocrx_word' id='word_1_21' title='bbox 2988 506 3147 561; x_wconf 83' lang='lat' dir='ltr'><strong>Israel</strong></span> <span class='ocrx_word' id='word_1_22' title='bbox 3176 499 3245 563; x_wconf 72' lang='lat'><strong>“.</strong></span> <span class='ocrx_word' id='word_1_23' title='bbox 3279 525 3296 560; x_wconf 73' lang='grc' dir='ltr'><strong>ι</strong></span> <span class='ocrx_word' id='word_1_24' title='bbox 3333 507 3491 579; x_wconf 54' lang='lat' dir='ltr'><strong>ﬁll</strong></span> 
     </span>
    </p>
   </div>
   <div class='ocr_carea' id='block_1_6' title="bbox 210 600 1806 672">
    <p class='ocr_par' dir='ltr' id='par_1_6' title="bbox 210 600 1806 672">
     <span class='ocr_line' id='line_1_6' title="bbox 210 600 1806 672; baseline 0.003 -22"><span class='ocrx_word' id='word_1_25' title='bbox 210 601 387 652; x_wconf 60' lang='lat'><strong>21-382</strong></span> <span class='ocrx_word' id='word_1_26' title='bbox 420 600 475 652; x_wconf 74' lang='grc' dir='ltr'>δὲ</span> <span class='ocrx_word' id='word_1_27' title='bbox 507 601 745 652; x_wconf 76' lang='grc' dir='ltr'>δείκνυσι</span> <span class='ocrx_word' id='word_1_28' title='bbox 778 601 838 653; x_wconf 83' lang='grc' dir='ltr'><strong>τὸ</strong></span> <span class='ocrx_word' id='word_1_29' title='bbox 874 601 1131 669; x_wconf 51' lang='grc' dir='ltr'>διάτορον</span> <span class='ocrx_word' id='word_1_30' title='bbox 1161 605 1223 668; x_wconf 79' lang='grc' dir='ltr'>τῇ</span> <span class='ocrx_word' id='word_1_31' title='bbox 1262 602 1355 653; x_wconf 73' lang='grc' dir='ltr'>τοῦ</span> <span class='ocrx_word' id='word_1_32' title='bbox 1390 600 1595 671; x_wconf 73' lang='grc' dir='ltr'>ἄρθρου</span> <span class='ocrx_word' id='word_1_33' title='bbox 1641 619 1806 672; x_wconf 80' lang='grc' dir='ltr'>προσ-</span> 
     </span>
    </p>
   </div>
   <div class='ocr_carea' id='block_1_7' title="bbox 212 694 1808 767">
    <p class='ocr_par' dir='ltr' id='par_1_7' title="bbox 212 694 1808 767">
     <span class='ocr_line' id='line_1_7' title="bbox 212 694 1808 767; baseline 0.001 -22"><span class='ocrx_word' id='word_1_34' title='bbox 212 694 383 767; x_wconf 68' lang='grc' dir='ltr'>θήκῃ,</span> <span class='ocrx_word' id='word_1_35' title='bbox 432 696 528 748; x_wconf 72' lang='grc' dir='ltr'><strong>καὶ</strong></span> <span class='ocrx_word' id='word_1_36' title='bbox 563 697 627 761; x_wconf 80' lang='grc' dir='ltr'>τῇ</span> <span class='ocrx_word' id='word_1_37' title='bbox 665 694 759 746; x_wconf 81' lang='grc' dir='ltr'>τοῦ</span> <span class='ocrx_word' id='word_1_38' title='bbox 802 695 1092 765; x_wconf 71' lang='grc' dir='ltr'>ἀγαπητοῦ</span> <span class='ocrx_word' id='word_1_39' title='bbox 1159 694 1512 766; x_wconf 65' lang='grc' dir='ltr'>παρενθήκη.</span> <span class='ocrx_word' id='word_1_40' title='bbox 1565 696 1808 757; x_wconf 77' lang='grc' dir='ltr'>Ἐκεῖνος</span> 
     </span>
    </p>
   </div>
   <div class='ocr_carea' id='block_1_8' title="bbox 212 786 1803 855">
    <p class='ocr_par' dir='ltr' id='par_1_8' title="bbox 212 786 1803 855">
     <span class='ocr_line' id='line_1_8' title="bbox 212 786 1803 855; baseline 0.003 -19"><span class='ocrx_word' id='word_1_41' title='bbox 212 788 325 852; x_wconf 69' lang='grc' dir='ltr'>γὰρ</span> <span class='ocrx_word' id='word_1_42' title='bbox 382 786 695 854; x_wconf 74' lang='grc' dir='ltr'>ὲμεμίσητο</span> <span class='ocrx_word' id='word_1_43' title='bbox 738 787 826 839; x_wconf 77' lang='grc' dir='ltr'>διὰ</span> <span class='ocrx_word' id='word_1_44' title='bbox 884 786 944 838; x_wconf 73' lang='grc' dir='ltr'>τὸ</span> <span class='ocrx_word' id='word_1_45' title='bbox 994 787 1261 855; x_wconf 70' lang='grc' dir='ltr'>ἀθετῆσαι</span> <span class='ocrx_word' id='word_1_46' title='bbox 1323 788 1412 839; x_wconf 67' lang='grc' dir='ltr'><strong>τὶν</strong></span> <span class='ocrx_word' id='word_1_47' title='bbox 1479 788 1803 840; x_wconf 78' lang='grc' dir='ltr'>πλάσαντα·</span> 
     </span>
    </p>
   </div>
   <div class='ocr_carea' id='block_1_9' title="bbox 218 878 1807 949">
    <p class='ocr_par' dir='ltr' id='par_1_9' title="bbox 218 878 1807 949">
     <span class='ocr_line' id='line_1_9' title="bbox 218 878 1807 949; baseline 0.003 -21"><span class='ocrx_word' id='word_1_48' title='bbox 218 897 237 927; x_wconf 75' lang='grc' dir='ltr'><strong>ι</strong></span> <span class='ocrx_word' id='word_1_49' title='bbox 280 879 446 940; x_wconf 67' lang='grc' dir='ltr'>Υἰοὺς</span> <span class='ocrx_word' id='word_1_50' title='bbox 488 878 623 947; x_wconf 75' lang='grc' dir='ltr'>γὰρ,</span> <span class='ocrx_word' id='word_1_51' title='bbox 651 881 838 947; x_wconf 75' lang='grc' dir='ltr'>φησὶν,</span> <span class='ocrx_word' id='word_1_52' title='bbox 874 882 1160 946; x_wconf 65' lang='grc' dir='ltr'>ἐγέννησα,</span> <span class='ocrx_word' id='word_1_53' title='bbox 1199 881 1292 930; x_wconf 71' lang='grc' dir='ltr'>καὶ</span> <span class='ocrx_word' id='word_1_54' title='bbox 1322 880 1536 949; x_wconf 65' lang='grc' dir='ltr'>ὕψωσα,</span> <span class='ocrx_word' id='word_1_55' title='bbox 1572 882 1726 934; x_wconf 71' lang='grc' dir='ltr'>αὐτοὶ</span> <span class='ocrx_word' id='word_1_56' title='bbox 1750 882 1807 933; x_wconf 80' lang='grc' dir='ltr'><em>δέ</em></span> 
     </span>
    </p>
   </div>
   <div class='ocr_carea' id='block_1_10' title="bbox 219 966 1808 1044">
    <p class='ocr_par' dir='ltr' id='par_1_10' title="bbox 219 966 1808 1044">
     <span class='ocr_line' id='line_1_10' title="bbox 219 966 1808 1044; baseline 0.004 -23"><span class='ocrx_word' id='word_1_57' title='bbox 219 988 288 1034; x_wconf 87' lang='grc' dir='ltr'><strong>με</strong></span> <span class='ocrx_word' id='word_1_58' title='bbox 330 971 631 1038; x_wconf 63' lang='grc' dir='ltr'>ἠθέτησαν.</span> <span class='ocrx_word' id='word_1_59' title='bbox 668 990 685 1021; x_wconf 74' lang='grc' dir='ltr'><strong>ι</strong></span> <span class='ocrx_word' id='word_1_60' title='bbox 726 972 800 1023; x_wconf 69' lang='grc' dir='ltr'>Τὸ</span> <span class='ocrx_word' id='word_1_61' title='bbox 828 972 939 1041; x_wconf 72' lang='grc' dir='ltr'><strong>γὰρ</strong></span> <span class='ocrx_word' id='word_1_62' title='bbox 965 1013 978 1031; x_wconf 84' lang='grc'><em>,</em></span> <span class='ocrx_word' id='word_1_63' title='bbox 1014 992 1030 1021; x_wconf 80' lang='grc' dir='ltr'><strong>ι</strong></span> <span class='ocrx_word' id='word_1_64' title='bbox 1058 974 1150 1024; x_wconf 76' lang='grc' dir='ltr'>Ἑν</span> <span class='ocrx_word' id='word_1_65' title='bbox 1191 966 1232 1039; x_wconf 76' lang='grc' dir='ltr'>ᾧ</span> <span class='ocrx_word' id='word_1_66' title='bbox 1288 974 1586 1044; x_wconf 67' lang='grc' dir='ltr'>ηὺδιὸκησα,</span> <span class='ocrx_word' id='word_1_67' title='bbox 1624 994 1640 1025; x_wconf 77' lang='grc' dir='ltr'><strong>ι</strong></span> <span class='ocrx_word' id='word_1_68' title='bbox 1677 976 1733 1026; x_wconf 84' lang='grc' dir='ltr'>ἐν</span> <span class='ocrx_word' id='word_1_69' title='bbox 1765 970 1808 1043; x_wconf 81' lang='grc' dir='ltr'>ᾧ</span> 
     </span>
    </p>
   </div>
   <div class='ocr_carea' id='block_1_11' title="bbox 214 1059 1809 1136">
    <p class='ocr_par' dir='ltr' id='par_1_11' title="bbox 214 1059 1809 1136">
     <span class='ocr_line' id='line_1_11' title="bbox 214 1059 1809 1136; baseline 0.004 -24"><span class='ocrx_word' id='word_1_70' title='bbox 214 1062 464 1129; x_wconf 61' lang='grc' dir='ltr'>δηλονότι</span> <span class='ocrx_word' id='word_1_71' title='bbox 509 1064 947 1133; x_wconf 81' lang='grc' dir='ltr'>ἀναπέπαυμαι·</span> <span class='ocrx_word' id='word_1_72' title='bbox 979 1064 1050 1117; x_wconf 76' lang='grc' dir='ltr'>δι’</span> <span class='ocrx_word' id='word_1_73' title='bbox 1111 1059 1171 1119; x_wconf 73' lang='grc' dir='ltr'>οὗ</span> <span class='ocrx_word' id='word_1_74' title='bbox 1208 1066 1304 1135; x_wconf 71' lang='grc' dir='ltr'><strong>τὴν</strong></span> <span class='ocrx_word' id='word_1_75' title='bbox 1347 1068 1455 1117; x_wconf 84' lang='grc' dir='ltr'><strong>τῶν</strong></span> <span class='ocrx_word' id='word_1_76' title='bbox 1501 1064 1809 1136; x_wconf 83' lang='grc' dir='ltr'>ἀνθρώπων</span> 
     </span>
    </p>
   </div>
   <div class='ocr_carea' id='block_1_12' title="bbox 222 1156 1807 1225">
    <p class='ocr_par' dir='ltr' id='par_1_12' title="bbox 222 1156 1807 1225">
     <span class='ocr_line' id='line_1_12' title="bbox 222 1156 1807 1225; baseline 0.006 -21"><span class='ocrx_word' id='word_1_77' title='bbox 222 1156 506 1223; x_wconf 58' lang='grc' dir='ltr'>σωτὴρίαν</span> <span class='ocrx_word' id='word_1_78' title='bbox 533 1158 794 1222; x_wconf 80' lang='grc' dir='ltr'>γενέσθαι</span> <span class='ocrx_word' id='word_1_79' title='bbox 844 1159 1111 1225; x_wconf 57' lang='grc' dir='ltr'>ἢθελητα.</span> <span class='ocrx_word' id='word_1_80' title='bbox 1161 1160 1257 1210; x_wconf 74' lang='grc' dir='ltr'><strong>Δια</strong></span> <span class='ocrx_word' id='word_1_81' title='bbox 1301 1159 1355 1211; x_wconf 82' lang='grc' dir='ltr'>δὲ</span> <span class='ocrx_word' id='word_1_82' title='bbox 1385 1158 1480 1212; x_wconf 78' lang='grc' dir='ltr'>τοῦ</span> <span class='ocrx_word' id='word_1_83' title='bbox 1516 1178 1529 1189; x_wconf 79' lang='grc'><strong>’</strong></span> <span class='ocrx_word' id='word_1_84' title='bbox 1570 1179 1588 1210; x_wconf 76' lang='grc' dir='ltr'><strong>ι</strong></span> <span class='ocrx_word' id='word_1_85' title='bbox 1631 1160 1807 1213; x_wconf 77' lang='grc' dir='ltr'>Αὑτοῦ</span> 
     </span>
    </p>
   </div>
   <div class='ocr_carea' id='block_1_13' title="bbox 217 1248 1810 1322">
    <p class='ocr_par' dir='ltr' id='par_1_13' title="bbox 217 1248 1810 1322">
     <span class='ocr_line' id='line_1_13' title="bbox 217 1248 1810 1322; baseline 0.004 -24"><span class='ocrx_word' id='word_1_86' title='bbox 217 1248 474 1308; x_wconf 72' lang='grc' dir='ltr'>ἀκούετε.</span> <span class='ocrx_word' id='word_1_87' title='bbox 510 1270 529 1301; x_wconf 68' lang='grc' dir='ltr'><strong>ι</strong></span> <span class='ocrx_word' id='word_1_88' title='bbox 566 1250 627 1302; x_wconf 80' lang='grc' dir='ltr'><strong>τὸ</strong></span> <span class='ocrx_word' id='word_1_89' title='bbox 665 1252 772 1302; x_wconf 84' lang='grc' dir='ltr'><strong>τῶν</strong></span> <span class='ocrx_word' id='word_1_90' title='bbox 811 1252 1077 1322; x_wconf 80' lang='grc' dir='ltr'>μαθητῶν</span> <span class='ocrx_word' id='word_1_91' title='bbox 1120 1253 1408 1319; x_wconf 77' lang='grc' dir='ltr'><strong>ἀνειμένον</strong></span> <span class='ocrx_word' id='word_1_92' title='bbox 1436 1253 1710 1322; x_wconf 79' lang='grc' dir='ltr'>διανιστᾷ,</span> <span class='ocrx_word' id='word_1_93' title='bbox 1733 1251 1810 1315; x_wconf 85' lang='grc' dir='ltr'>ὡς</span> 
     </span>
    </p>
   </div>
   <div class='ocr_carea' id='block_1_14' title="bbox 217 1342 1811 1415">
    <p class='ocr_par' dir='ltr' id='par_1_14' title="bbox 217 1342 1811 1415">
     <span class='ocr_line' id='line_1_14' title="bbox 217 1342 1811 1415; baseline 0.004 -24"><span class='ocrx_word' id='word_1_94' title='bbox 217 1342 287 1392; x_wconf 81' lang='grc' dir='ltr'><strong>ἂν</strong></span> <span class='ocrx_word' id='word_1_95' title='bbox 320 1342 414 1393; x_wconf 78' lang='grc' dir='ltr'>τοῦ</span> <span class='ocrx_word' id='word_1_96' title='bbox 446 1343 653 1411; x_wconf 77' lang='grc' dir='ltr'>Κυρίου</span> <span class='ocrx_word' id='word_1_97' title='bbox 684 1344 744 1396; x_wconf 79' lang='grc' dir='ltr'><strong>τὸ</strong></span> <span class='ocrx_word' id='word_1_98' title='bbox 773 1346 947 1406; x_wconf 83' lang='grc' dir='ltr'>Πὰθος</span> <span class='ocrx_word' id='word_1_99' title='bbox 977 1345 1484 1413; x_wconf 70' lang='grc' dir='ltr'>προεκφωνοῦντος,</span> <span class='ocrx_word' id='word_1_100' title='bbox 1509 1345 1607 1407; x_wconf 75' lang='grc' dir='ltr'>τὰς</span> <span class='ocrx_word' id='word_1_101' title='bbox 1631 1345 1811 1415; x_wconf 67' lang='grc' dir='ltr'>ψυχὰς</span> 
     </span>
    </p>
   </div>
   <div class='ocr_carea' id='block_1_15' title="bbox 222 1435 1802 1506">
    <p class='ocr_par' dir='ltr' id='par_1_15' title="bbox 222 1435 1802 1506">
     <span class='ocr_line' id='line_1_15' title="bbox 222 1435 1802 1506; baseline 0.005 -22"><span class='ocrx_word' id='word_1_102' title='bbox 222 1435 300 1501; x_wconf 83' lang='grc' dir='ltr'>μὴ</span> <span class='ocrx_word' id='word_1_103' title='bbox 333 1435 731 1503; x_wconf 77' lang='grc' dir='ltr'>κραδαίνοιντο,</span> <span class='ocrx_word' id='word_1_104' title='bbox 762 1440 924 1490; x_wconf 80' lang='grc' dir='ltr'>Δοκεῖ</span> <span class='ocrx_word' id='word_1_105' title='bbox 953 1439 1009 1489; x_wconf 83' lang='grc' dir='ltr'>δὲ</span> <span class='ocrx_word' id='word_1_106' title='bbox 1044 1438 1207 1490; x_wconf 77' lang='grc' dir='ltr'>πλέον</span> <span class='ocrx_word' id='word_1_107' title='bbox 1258 1438 1354 1489; x_wconf 77' lang='grc' dir='ltr'>τοῦ</span> <span class='ocrx_word' id='word_1_108' title='bbox 1403 1438 1614 1506; x_wconf 78' lang='grc' dir='ltr'><strong>Πέτρου</strong></span> <span class='ocrx_word' id='word_1_109' title='bbox 1664 1439 1802 1492; x_wconf 85' lang='grc' dir='ltr'>καθ-</span> 
     </span>
    </p>
   </div>
   <div class='ocr_carea' id='block_1_16' title="bbox 218 1525 1807 1595">
    <p class='ocr_par' dir='ltr' id='par_1_16' title="bbox 218 1525 1807 1595">
     <span class='ocr_line' id='line_1_16' title="bbox 218 1525 1807 1595; baseline 0.004 -20"><span class='ocrx_word' id='word_1_110' title='bbox 218 1525 497 1578; x_wconf 74' lang='grc' dir='ltr'>ἅπτεσθαι</span> <span class='ocrx_word' id='word_1_111' title='bbox 528 1530 734 1595; x_wconf 69' lang='grc' dir='ltr'>σκηνὰς</span> <span class='ocrx_word' id='word_1_112' title='bbox 754 1530 1215 1594; x_wconf 69' lang='grc' dir='ltr'>ἀναπλάττοντος,</span> <span class='ocrx_word' id='word_1_113' title='bbox 1238 1530 1334 1582; x_wconf 76' lang='grc' dir='ltr'>καὶ</span> <span class='ocrx_word' id='word_1_114' title='bbox 1367 1529 1692 1592; x_wconf 75' lang='grc' dir='ltr'><strong>σπεύδοντος</strong></span> <span class='ocrx_word' id='word_1_115' title='bbox 1714 1529 1807 1583; x_wconf 74' lang='grc' dir='ltr'>τοῦ</span> 
     </span>
    </p>
   </div>
   <div class='ocr_carea' id='block_1_17' title="bbox 221 1618 1811 1692">
    <p class='ocr_par' dir='ltr' id='par_1_17' title="bbox 221 1618 1811 1692">
     <span class='ocr_line' id='line_1_17' title="bbox 221 1618 1811 1692; baseline 0.004 -24"><span class='ocrx_word' id='word_1_116' title='bbox 221 1618 422 1670; x_wconf 82' lang='grc' dir='ltr'>παθεῖν</span> <span class='ocrx_word' id='word_1_117' title='bbox 450 1619 800 1690; x_wconf 77' lang='grc' dir='ltr'>ὑπεκστῆσαι</span> <span class='ocrx_word' id='word_1_118' title='bbox 836 1623 930 1675; x_wconf 61' lang='grc' dir='ltr'>τὶν</span> <span class='ocrx_word' id='word_1_119' title='bbox 973 1623 1201 1691; x_wconf 76' lang='grc' dir='ltr'>Κύριον.</span> <span class='ocrx_word' id='word_1_120' title='bbox 1238 1623 1339 1675; x_wconf 73' lang='grc' dir='ltr'><strong>Διὰ</strong></span> <span class='ocrx_word' id='word_1_121' title='bbox 1369 1623 1422 1675; x_wconf 86' lang='grc' dir='ltr'><strong>τί</strong></span> <span class='ocrx_word' id='word_1_122' title='bbox 1449 1622 1506 1674; x_wconf 85' lang='grc' dir='ltr'>δὲ</span> <span class='ocrx_word' id='word_1_123' title='bbox 1542 1624 1679 1690; x_wconf 75' lang='grc' dir='ltr'>μετὰ</span> <span class='ocrx_word' id='word_1_124' title='bbox 1709 1622 1811 1692; x_wconf 77' lang='grc' dir='ltr'><strong>τὴν</strong></span> 
     </span>
    </p>
   </div>
   <div class='ocr_carea' id='block_1_18' title="bbox 221 1710 1812 1785">
    <p class='ocr_par' dir='ltr' id='par_1_18' title="bbox 221 1710 1812 1785">
     <span class='ocr_line' id='line_1_18' title="bbox 221 1710 1812 1785; baseline 0.006 -29"><span class='ocrx_word' id='word_1_125' title='bbox 221 1710 410 1777; x_wconf 79' lang='grc' dir='ltr'>φωνὴν</span> <span class='ocrx_word' id='word_1_126' title='bbox 439 1710 745 1780; x_wconf 82' lang='grc' dir='ltr'>ἐπάραντες</span> <span class='ocrx_word' id='word_1_127' title='bbox 772 1715 821 1766; x_wconf 81' lang='grc' dir='ltr'>οἱ</span> <span class='ocrx_word' id='word_1_128' title='bbox 854 1714 1099 1784; x_wconf 72' lang='grc' dir='ltr'>μαθηταὶ</span> <span class='ocrx_word' id='word_1_129' title='bbox 1130 1715 1256 1777; x_wconf 71' lang='grc' dir='ltr'>τοὺς</span> <span class='ocrx_word' id='word_1_130' title='bbox 1289 1713 1606 1785; x_wconf 74' lang='grc' dir='ltr'>ὀφθαλμοὺς</span> <span class='ocrx_word' id='word_1_131' title='bbox 1646 1713 1812 1784; x_wconf 83' lang='grc' dir='ltr'>μόνον</span> 
     </span>
    </p>
   </div>
   <div class='ocr_carea' id='block_1_19' title="bbox 219 1796 1808 1875">
    <p class='ocr_par' dir='ltr' id='par_1_19' title="bbox 219 1796 1808 1875">
     <span class='ocr_line' id='line_1_19' title="bbox 219 1796 1808 1875; baseline 0.004 -26"><span class='ocrx_word' id='word_1_132' title='bbox 219 1796 364 1851; x_wconf 75' lang='grc' dir='ltr'>εἶδον</span> <span class='ocrx_word' id='word_1_133' title='bbox 392 1801 481 1852; x_wconf 76' lang='grc' dir='ltr'><strong>τὸν</strong></span> <span class='ocrx_word' id='word_1_134' title='bbox 506 1802 745 1871; x_wconf 72' lang='grc' dir='ltr'>Κύριονς</span> <span class='ocrx_word' id='word_1_135' title='bbox 772 1805 888 1857; x_wconf 86' lang='grc' dir='ltr'>Ἱνα</span> <span class='ocrx_word' id='word_1_136' title='bbox 917 1805 991 1875; x_wconf 79' lang='grc' dir='ltr'>μὴ</span> <span class='ocrx_word' id='word_1_137' title='bbox 1013 1807 1113 1867; x_wconf 78' lang='grc' dir='ltr'><strong>τὴν</strong></span> <span class='ocrx_word' id='word_1_138' title='bbox 1140 1805 1449 1874; x_wconf 81' lang='grc' dir='ltr'>μαρτυρίαν</span> <span class='ocrx_word' id='word_1_139' title='bbox 1483 1804 1549 1857; x_wconf 86' lang='grc' dir='ltr'>δι’</span> <span class='ocrx_word' id='word_1_140' title='bbox 1570 1803 1666 1856; x_wconf 74' lang='grc' dir='ltr'><strong>ἕνα</strong></span> <span class='ocrx_word' id='word_1_141' title='bbox 1699 1801 1808 1856; x_wconf 86' lang='grc' dir='ltr'><strong>τῶν</strong></span> 
     </span>
    </p>
   </div>
   <div class='ocr_carea' id='block_1_20' title="bbox 222 1890 1815 1967">
    <p class='ocr_par' dir='ltr' id='par_1_20' title="bbox 222 1890 1815 1967">
     <span class='ocr_line' id='line_1_20' title="bbox 222 1890 1815 1967; baseline 0.004 -25"><span class='ocrx_word' id='word_1_142' title='bbox 222 1893 525 1960; x_wconf 70' lang='grc' dir='ltr'>προφητῶν</span> <span class='ocrx_word' id='word_1_143' title='bbox 556 1890 697 1949; x_wconf 69' lang='grc' dir='ltr'>εἶναι</span> <span class='ocrx_word' id='word_1_144' title='bbox 731 1897 1021 1966; x_wconf 81' lang='grc' dir='ltr'>νομίσωσι,</span> <span class='ocrx_word' id='word_1_145' title='bbox 1062 1898 1147 1949; x_wconf 66' lang='grc' dir='ltr'><strong>διὰ</strong></span> <span class='ocrx_word' id='word_1_146' title='bbox 1180 1898 1339 1949; x_wconf 81' lang='grc' dir='ltr'>τοῦτο</span> <span class='ocrx_word' id='word_1_147' title='bbox 1367 1898 1614 1959; x_wconf 74' lang='grc' dir='ltr'><strong>ἐκείνους</strong></span> <span class='ocrx_word' id='word_1_148' title='bbox 1646 1913 1815 1967; x_wconf 77' lang='grc' dir='ltr'>μετα-</span> 
     </span>
    </p>
   </div>
   <div class='ocr_carea' id='block_1_21' title="bbox 222 1986 1814 2062">
    <p class='ocr_par' dir='ltr' id='par_1_21' title="bbox 222 1986 1814 2062">
     <span class='ocr_line' id='line_1_21' title="bbox 222 1986 1814 2062; baseline 0.004 -26"><span class='ocrx_word' id='word_1_149' title='bbox 222 1988 455 2055; x_wconf 72' lang='grc' dir='ltr'>στήσας,</span> <span class='ocrx_word' id='word_1_150' title='bbox 494 1989 617 2041; x_wconf 86' lang='grc' dir='ltr'>ὅθεν</span> <span class='ocrx_word' id='word_1_151' title='bbox 655 1992 750 2044; x_wconf 72' lang='grc' dir='ltr'>καὶ</span> <span class='ocrx_word' id='word_1_152' title='bbox 784 1992 1177 2062; x_wconf 76' lang='grc' dir='ltr'>παρεγένοντο,</span> <span class='ocrx_word' id='word_1_153' title='bbox 1220 1991 1413 2044; x_wconf 72' lang='grc' dir='ltr'>ἑαυτὸν</span> <span class='ocrx_word' id='word_1_154' title='bbox 1438 1991 1645 2056; x_wconf 75' lang='grc' dir='ltr'>ἔδειξεν</span> <span class='ocrx_word' id='word_1_155' title='bbox 1671 1986 1814 2046; x_wconf 75' lang='grc' dir='ltr'>εἶναι</span> 
     </span>
    </p>
   </div>
   <div class='ocr_carea' id='block_1_22' title="bbox 220 2078 838 2151">
    <p class='ocr_par' dir='ltr' id='par_1_22' title="bbox 220 2078 838 2151">
     <span class='ocr_line' id='line_1_22' title="bbox 220 2078 838 2151; baseline 0.013 -23"><span class='ocrx_word' id='word_1_156' title='bbox 220 2078 317 2130; x_wconf 80' lang='grc' dir='ltr'><strong>τὸν</strong></span> <span class='ocrx_word' id='word_1_157' title='bbox 359 2080 838 2151; x_wconf 78' lang='grc' dir='ltr'>μαρτυρούμενον.</span> 
     </span>
    </p>
   </div>
   <div class='ocr_carea' id='block_1_23' title="bbox 1910 599 3498 670">
    <p class='ocr_par' dir='ltr' id='par_1_23' title="bbox 1910 599 3498 670">
     <span class='ocr_line' id='line_1_23' title="bbox 1910 599 3498 670; baseline -0.004 -12"><span class='ocrx_word' id='word_1_158' title='bbox 1910 604 2046 658; x_wconf 84' lang='lat' dir='ltr'><strong>Illud</strong></span> <span class='ocrx_word' id='word_1_159' title='bbox 2075 608 2219 658; x_wconf 84' lang='lat' dir='ltr'><strong>enim</strong></span> <span class='ocrx_word' id='word_1_160' title='bbox 2253 604 2461 670; x_wconf 71' lang='lat' dir='ltr'><strong>alisque</strong></span> <span class='ocrx_word' id='word_1_161' title='bbox 2492 601 2719 655; x_wconf 86' lang='lat' dir='ltr'><strong>articulo</strong></span> <span class='ocrx_word' id='word_1_162' title='bbox 2751 600 2925 663; x_wconf 75' lang='lat' dir='ltr'><strong>dixit;</strong></span> <span class='ocrx_word' id='word_1_163' title='bbox 2963 599 3051 653; x_wconf 86' lang='lat' dir='ltr'><strong>hic</strong></span> <span class='ocrx_word' id='word_1_164' title='bbox 3091 612 3221 652; x_wconf 85' lang='lat' dir='ltr'><strong>vero</strong></span> <span class='ocrx_word' id='word_1_165' title='bbox 3271 605 3326 651; x_wconf 87' lang='lat' dir='ltr'><strong>et</strong></span> <span class='ocrx_word' id='word_1_166' title='bbox 3357 614 3498 666; x_wconf 78' lang='lat' dir='ltr'><strong>pra:-</strong></span> 
     </span>
    </p>
   </div>
   <div class='ocr_carea' id='block_1_24' title="bbox 1912 689 3500 767">
    <p class='ocr_par' dir='ltr' id='par_1_24' title="bbox 1912 689 3500 767">
     <span class='ocr_line' id='line_1_24' title="bbox 1912 689 3500 767; baseline -0.004 -17"><span class='ocrx_word' id='word_1_167' title='bbox 1912 696 2163 764; x_wconf 81' lang='lat' dir='ltr'><strong>pOItCntlo</strong></span> <span class='ocrx_word' id='word_1_168' title='bbox 2192 695 2446 757; x_wconf 78' lang='lat' dir='ltr'><strong>artiCItlo,</strong></span> <span class='ocrx_word' id='word_1_169' title='bbox 2481 704 2529 747; x_wconf 87' lang='lat' dir='ltr'><strong>et</strong></span> <span class='ocrx_word' id='word_1_170' title='bbox 2577 694 2859 764; x_wconf 76' lang='lat' dir='ltr'><strong>interjecta</strong></span> <span class='ocrx_word' id='word_1_171' title='bbox 2902 690 3082 744; x_wconf 68' lang='lat' dir='ltr'><strong>dileai</strong></span> <span class='ocrx_word' id='word_1_172' title='bbox 3134 689 3500 767; x_wconf 77' lang='lat' dir='ltr'><strong>appellatione</strong></span> 
     </span>
    </p>
   </div>
   <div class='ocr_carea' id='block_1_25' title="bbox 1910 780 3501 851">
    <p class='ocr_par' dir='ltr' id='par_1_25' title="bbox 1910 780 3501 851">
     <span class='ocr_line' id='line_1_25' title="bbox 1910 780 3501 851; baseline -0.006 -8"><span class='ocrx_word' id='word_1_173' title='bbox 1910 789 2273 843; x_wconf 75' lang='lat' dir='ltr'><strong>tliﬂerentiam</strong></span> <span class='ocrx_word' id='word_1_174' title='bbox 2304 788 2777 841; x_wconf 70' lang='lat' dir='ltr'><strong>commonstrarit.</strong></span> <span class='ocrx_word' id='word_1_175' title='bbox 2812 785 2908 839; x_wconf 90' lang='lat' dir='ltr'><strong>llle</strong></span> <span class='ocrx_word' id='word_1_176' title='bbox 2935 784 3080 837; x_wconf 89' lang='lat' dir='ltr'><strong>enim</strong></span> <span class='ocrx_word' id='word_1_177' title='bbox 3104 783 3248 851; x_wconf 85' lang='lat' dir='ltr'><strong>quod</strong></span> <span class='ocrx_word' id='word_1_178' title='bbox 3279 780 3501 835; x_wconf 66' lang='lat' dir='ltr'><strong>eﬂ&#39;ecto.</strong></span> 
     </span>
    </p>
   </div>
   <div class='ocr_carea' id='block_1_26' title="bbox 1913 873 3497 948">
    <p class='ocr_par' dir='ltr' id='par_1_26' title="bbox 1913 873 3497 948">
     <span class='ocr_line' id='line_1_26' title="bbox 1913 873 3497 948; baseline -0.008 -11"><span class='ocrx_word' id='word_1_179' title='bbox 1913 898 2027 938; x_wconf 88' lang='lat' dir='ltr'><strong>rem</strong></span> <span class='ocrx_word' id='word_1_180' title='bbox 2060 884 2146 938; x_wconf 93' lang='lat' dir='ltr'><strong>sui</strong></span> <span class='ocrx_word' id='word_1_181' title='bbox 2182 897 2286 935; x_wconf 93' lang='lat' dir='ltr'><strong>non</strong></span> <span class='ocrx_word' id='word_1_182' title='bbox 2316 882 2635 941; x_wconf 88' lang='lat' dir='ltr'><strong>bonoraret,</strong></span> <span class='ocrx_word' id='word_1_183' title='bbox 2673 879 2798 932; x_wconf 90' lang='lat' dir='ltr'><strong>odio</strong></span> <span class='ocrx_word' id='word_1_184' title='bbox 2821 878 2933 948; x_wconf 86' lang='lat' dir='ltr'><strong>jam</strong></span> <span class='ocrx_word' id='word_1_185' title='bbox 2967 874 3273 929; x_wconf 86' lang='lat' dir='ltr'><strong>habebatur</strong></span> <span class='ocrx_word' id='word_1_186' title='bbox 3302 894 3316 929; x_wconf 88' lang='lat'><strong>:</strong></span> <span class='ocrx_word' id='word_1_187' title='bbox 3351 892 3370 925; x_wconf 75' lang='grc' dir='ltr'><strong>ι</strong></span> <span class='ocrx_word' id='word_1_188' title='bbox 3402 873 3497 926; x_wconf 84' lang='lat' dir='ltr'><strong>Fi-</strong></span> 
     </span>
    </p>
   </div>
   <div class='ocr_carea' id='block_1_27' title="bbox 1911 964 3500 1042">
    <p class='ocr_par' dir='ltr' id='par_1_27' title="bbox 1911 964 3500 1042">
     <span class='ocr_line' id='line_1_27' title="bbox 1911 964 3500 1042; baseline -0.009 -11"><span class='ocrx_word' id='word_1_189' title='bbox 1911 977 2036 1041; x_wconf 89' lang='lat' dir='ltr'><strong>lios,</strong></span> <span class='ocrx_word' id='word_1_190' title='bbox 2085 976 2251 1037; x_wconf 84' lang='lat' dir='ltr'><strong>enim,</strong></span> <span class='ocrx_word' id='word_1_191' title='bbox 2298 974 2497 1042; x_wconf 86' lang='lat' dir='ltr'><strong>inquit.</strong></span> <span class='ocrx_word' id='word_1_192' title='bbox 2552 971 2737 1039; x_wconf 87' lang='lat' dir='ltr'><strong>genui,</strong></span> <span class='ocrx_word' id='word_1_193' title='bbox 2782 978 2835 1023; x_wconf 91' lang='lat' dir='ltr'><strong>et</strong></span> <span class='ocrx_word' id='word_1_194' title='bbox 2873 966 3132 1030; x_wconf 77' lang='lat' dir='ltr'><strong>exaltavi,</strong></span> <span class='ocrx_word' id='word_1_195' title='bbox 3174 964 3274 1033; x_wconf 85' lang='lat' dir='ltr'><strong>ipsi</strong></span> <span class='ocrx_word' id='word_1_196' title='bbox 3311 976 3500 1017; x_wconf 85' lang='lat' dir='ltr'><strong>autem</strong></span> 
     </span>
    </p>
   </div>
   <div class='ocr_carea' id='block_1_28' title="bbox 1912 1056 3500 1134">
    <p class='ocr_par' dir='ltr' id='par_1_28' title="bbox 1912 1056 3500 1134">
     <span class='ocr_line' id='line_1_28' title="bbox 1912 1056 3500 1134; baseline -0.007 -16"><span class='ocrx_word' id='word_1_197' title='bbox 1912 1072 2238 1134; x_wconf 83' lang='lat' dir='ltr'><strong>spreverunt</strong></span> <span class='ocrx_word' id='word_1_198' title='bbox 2261 1080 2344 1116; x_wconf 89' lang='lat' dir='ltr'><strong>me</strong></span> <span class='ocrx_word' id='word_1_199' title='bbox 2368 1064 2433 1117; x_wconf 63' lang='grc' dir='ltr'><strong>ι’.</strong></span> <span class='ocrx_word' id='word_1_200' title='bbox 2463 1080 2482 1113; x_wconf 74' lang='grc' dir='ltr'><strong>ι</strong></span> <span class='ocrx_word' id='word_1_201' title='bbox 2510 1061 2641 1115; x_wconf 89' lang='lat' dir='ltr'><strong>Illud</strong></span> <span class='ocrx_word' id='word_1_202' title='bbox 2669 1069 2844 1113; x_wconf 86' lang='lat' dir='ltr'><strong>autem</strong></span> <span class='ocrx_word' id='word_1_203' title='bbox 2872 1080 2885 1115; x_wconf 88' lang='lat'><strong>:</strong></span> <span class='ocrx_word' id='word_1_204' title='bbox 2914 1077 2931 1109; x_wconf 79' lang='grc' dir='ltr'><strong>ι</strong></span> <span class='ocrx_word' id='word_1_205' title='bbox 2961 1058 3020 1113; x_wconf 83' lang='lat' dir='ltr'><strong>In</strong></span> <span class='ocrx_word' id='word_1_206' title='bbox 3047 1071 3154 1127; x_wconf 82' lang='lat' dir='ltr'><strong>quo</strong></span> <span class='ocrx_word' id='word_1_207' title='bbox 3179 1056 3317 1111; x_wconf 87' lang='lat' dir='ltr'><strong>bene</strong></span> <span class='ocrx_word' id='word_1_208' title='bbox 3347 1070 3500 1109; x_wconf 82' lang='lat' dir='ltr'><strong>com-</strong></span> 
     </span>
    </p>
   </div>
   <div class='ocr_carea' id='block_1_29' title="bbox 1912 1149 3499 1226">
    <p class='ocr_par' dir='ltr' id='par_1_29' title="bbox 1912 1149 3499 1226">
     <span class='ocr_line' id='line_1_29' title="bbox 1912 1149 3499 1226; baseline -0.007 -18"><span class='ocrx_word' id='word_1_209' title='bbox 1912 1157 2090 1226; x_wconf 84' lang='lat' dir='ltr'><strong>placui</strong></span> <span class='ocrx_word' id='word_1_210' title='bbox 2128 1155 2265 1225; x_wconf 75' lang='lat'><strong>(72),</strong></span> <span class='ocrx_word' id='word_1_211' title='bbox 2304 1174 2319 1205; x_wconf 70' lang='grc' dir='ltr'><strong>ι</strong></span> <span class='ocrx_word' id='word_1_212' title='bbox 2356 1155 2624 1224; x_wconf 73' lang='lat' dir='ltr'><strong>signiﬁcat</strong></span> <span class='ocrx_word' id='word_1_213' title='bbox 2648 1195 2661 1214; x_wconf 81' lang='lat'><em>.</em></span> <span class='ocrx_word' id='word_1_214' title='bbox 2692 1152 2747 1205; x_wconf 90' lang='lat' dir='ltr'><strong>lu</strong></span> <span class='ocrx_word' id='word_1_215' title='bbox 2777 1167 2881 1220; x_wconf 86' lang='lat' dir='ltr'><strong>quo</strong></span> <span class='ocrx_word' id='word_1_216' title='bbox 2915 1149 3187 1219; x_wconf 82' lang='lat' dir='ltr'><strong>acquievi,</strong></span> <span class='ocrx_word' id='word_1_217' title='bbox 3214 1162 3310 1218; x_wconf 93' lang='lat' dir='ltr'><strong>per</strong></span> <span class='ocrx_word' id='word_1_218' title='bbox 3335 1161 3499 1217; x_wconf 82' lang='lat' dir='ltr'><strong>quem</strong></span> 
     </span>
    </p>
   </div>
   <div class='ocr_carea' id='block_1_30' title="bbox 1912 1239 3499 1313">
    <p class='ocr_par' dir='ltr' id='par_1_30' title="bbox 1912 1239 3499 1313">
     <span class='ocr_line' id='line_1_30' title="bbox 1912 1239 3499 1313; baseline -0.01 -8"><span class='ocrx_word' id='word_1_219' title='bbox 1912 1250 2190 1305; x_wconf 78' lang='lat' dir='ltr'><strong>hominum</strong></span> <span class='ocrx_word' id='word_1_220' title='bbox 2240 1248 2470 1302; x_wconf 85' lang='lat' dir='ltr'><strong>salutem</strong></span> <span class='ocrx_word' id='word_1_221' title='bbox 2533 1246 2600 1300; x_wconf 90' lang='lat' dir='ltr'><strong>ad</strong></span> <span class='ocrx_word' id='word_1_222' title='bbox 2656 1243 2908 1300; x_wconf 78' lang='lat' dir='ltr'><strong>eﬂ&#39;eetum</strong></span> <span class='ocrx_word' id='word_1_223' title='bbox 2971 1241 3198 1313; x_wconf 87' lang='lat' dir='ltr'><strong>perduci</strong></span> <span class='ocrx_word' id='word_1_224' title='bbox 3253 1239 3499 1292; x_wconf 81' lang='lat' dir='ltr'><strong>decrevi.</strong></span> 
     </span>
    </p>
   </div>
   <div class='ocr_carea' id='block_1_31' title="bbox 1912 1330 3499 1410">
    <p class='ocr_par' dir='ltr' id='par_1_31' title="bbox 1912 1330 3499 1410">
     <span class='ocr_line' id='line_1_31' title="bbox 1912 1330 3499 1410; baseline -0.009 -13"><span class='ocrx_word' id='word_1_225' title='bbox 1912 1342 2026 1399; x_wconf 88' lang='lat' dir='ltr'><strong>lllis</strong></span> <span class='ocrx_word' id='word_1_226' title='bbox 2054 1358 2217 1410; x_wconf 89' lang='lat' dir='ltr'><strong>porro</strong></span> <span class='ocrx_word' id='word_1_227' title='bbox 2251 1341 2431 1395; x_wconf 81' lang='lat' dir='ltr'><strong>verbis</strong></span> <span class='ocrx_word' id='word_1_228' title='bbox 2462 1356 2477 1393; x_wconf 90' lang='lat'><strong>:</strong></span> <span class='ocrx_word' id='word_1_229' title='bbox 2514 1360 2531 1391; x_wconf 78' lang='grc' dir='ltr'><strong>ι</strong></span> <span class='ocrx_word' id='word_1_230' title='bbox 2559 1341 2741 1409; x_wconf 84' lang='lat' dir='ltr'><strong>Ipsum</strong></span> <span class='ocrx_word' id='word_1_231' title='bbox 2789 1337 3007 1401; x_wconf 90' lang='lat' dir='ltr'><strong>audite,</strong></span> <span class='ocrx_word' id='word_1_232' title='bbox 3042 1354 3063 1387; x_wconf 70' lang='grc' dir='ltr'><strong>ι</strong></span> <span class='ocrx_word' id='word_1_233' title='bbox 3108 1330 3499 1400; x_wconf 90' lang='lat' dir='ltr'><strong>discipulorum</strong></span> 
     </span>
    </p>
   </div>
   <div class='ocr_carea' id='block_1_32' title="bbox 1912 1419 3504 1508">
    <p class='ocr_par' dir='ltr' id='par_1_32' title="bbox 1912 1419 3504 1508">
     <span class='ocr_line' id='line_1_32' title="bbox 1912 1419 3504 1508; baseline -0.01 -17"><span class='ocrx_word' id='word_1_234' title='bbox 1912 1438 2196 1508; x_wconf 70' lang='lat' dir='ltr'><strong>segnitiem</strong></span> <span class='ocrx_word' id='word_1_235' title='bbox 2232 1435 2454 1501; x_wconf 84' lang='lat' dir='ltr'><strong>excitat,</strong></span> <span class='ocrx_word' id='word_1_236' title='bbox 2491 1445 2549 1487; x_wconf 88' lang='lat' dir='ltr'><strong>ut</strong></span> <span class='ocrx_word' id='word_1_237' title='bbox 2597 1432 2825 1497; x_wconf 84' lang='lat' dir='ltr'><strong>scilicet,</strong></span> <span class='ocrx_word' id='word_1_238' title='bbox 2867 1444 2989 1484; x_wconf 90' lang='lat' dir='ltr'><strong>cum</strong></span> <span class='ocrx_word' id='word_1_239' title='bbox 3034 1424 3351 1480; x_wconf 87' lang='lat' dir='ltr'><strong>Passionem</strong></span> <span class='ocrx_word' id='word_1_240' title='bbox 3394 1419 3504 1475; x_wconf 80' lang='lat' dir='ltr'><strong>Do-</strong></span> 
     </span>
    </p>
   </div>
   <div class='ocr_carea' id='block_1_33' title="bbox 1916 1512 3504 1597">
    <p class='ocr_par' dir='ltr' id='par_1_33' title="bbox 1916 1512 3504 1597">
     <span class='ocr_line' id='line_1_33' title="bbox 1916 1512 3504 1597; baseline -0.01 -17"><span class='ocrx_word' id='word_1_241' title='bbox 1916 1528 2094 1581; x_wconf 81' lang='lat' dir='ltr'><strong>minus</strong></span> <span class='ocrx_word' id='word_1_242' title='bbox 2127 1529 2542 1597; x_wconf 67' lang='lat' dir='ltr'><strong>praenuntiaret,</strong></span> <span class='ocrx_word' id='word_1_243' title='bbox 2576 1539 2766 1579; x_wconf 88' lang='lat' dir='ltr'><strong>eorum</strong></span> <span class='ocrx_word' id='word_1_244' title='bbox 2795 1519 2964 1575; x_wconf 90' lang='lat' dir='ltr'><strong>animi</strong></span> <span class='ocrx_word' id='word_1_245' title='bbox 3008 1518 3324 1586; x_wconf 76' lang='lat' dir='ltr'><strong>neutiquam</strong></span> <span class='ocrx_word' id='word_1_246' title='bbox 3355 1512 3504 1568; x_wconf 84' lang='lat' dir='ltr'><strong>labe-</strong></span> 
     </span>
    </p>
   </div>
   <div class='ocr_carea' id='block_1_34' title="bbox 1913 1603 3505 1679">
    <p class='ocr_par' dir='ltr' id='par_1_34' title="bbox 1913 1603 3505 1679">
     <span class='ocr_line' id='line_1_34' title="bbox 1913 1603 3505 1679; baseline -0.011 -8"><span class='ocrx_word' id='word_1_247' title='bbox 1913 1617 2274 1673; x_wconf 80' lang='lat' dir='ltr'><strong>factarentur.</strong></span> <span class='ocrx_word' id='word_1_248' title='bbox 2312 1617 2540 1672; x_wconf 83' lang='lat' dir='ltr'><strong>Videtur</strong></span> <span class='ocrx_word' id='word_1_249' title='bbox 2568 1623 2751 1669; x_wconf 90' lang='lat' dir='ltr'><strong>autem</strong></span> <span class='ocrx_word' id='word_1_250' title='bbox 2804 1611 2978 1679; x_wconf 83' lang='lat' dir='ltr'><strong>magis</strong></span> <span class='ocrx_word' id='word_1_251' title='bbox 3023 1609 3187 1664; x_wconf 87' lang='lat' dir='ltr'><strong>etiam</strong></span> <span class='ocrx_word' id='word_1_252' title='bbox 3233 1603 3505 1676; x_wconf 85' lang='lat' dir='ltr'><strong>perstrin-</strong></span> 
     </span>
    </p>
   </div>
   <div class='ocr_carea' id='block_1_35' title="bbox 1913 1695 3502 1780">
    <p class='ocr_par' dir='ltr' id='par_1_35' title="bbox 1913 1695 3502 1780">
     <span class='ocr_line' id='line_1_35' title="bbox 1913 1695 3502 1780; baseline -0.013 -14"><span class='ocrx_word' id='word_1_253' title='bbox 1913 1726 2041 1780; x_wconf 85' lang='lat' dir='ltr'><strong>gere</strong></span> <span class='ocrx_word' id='word_1_254' title='bbox 2089 1709 2312 1765; x_wconf 82' lang='lat' dir='ltr'><strong>Petrum</strong></span> <span class='ocrx_word' id='word_1_255' title='bbox 2342 1748 2359 1773; x_wconf 86' lang='lat'><strong>,</strong></span> <span class='ocrx_word' id='word_1_256' title='bbox 2408 1708 2499 1779; x_wconf 88' lang='lat' dir='ltr'><strong>qui</strong></span> <span class='ocrx_word' id='word_1_257' title='bbox 2551 1704 2901 1762; x_wconf 88' lang='lat' dir='ltr'><strong>tabernacula</strong></span> <span class='ocrx_word' id='word_1_258' title='bbox 2950 1704 3281 1771; x_wconf 80' lang='lat' dir='ltr'><strong>cegitattone</strong></span> <span class='ocrx_word' id='word_1_259' title='bbox 3328 1695 3502 1749; x_wconf 82' lang='lat' dir='ltr'><strong>infor-</strong></span> 
     </span>
    </p>
   </div>
   <div class='ocr_carea' id='block_1_36' title="bbox 1918 1791 3502 1868">
    <p class='ocr_par' dir='ltr' id='par_1_36' title="bbox 1918 1791 3502 1868">
     <span class='ocr_line' id='line_1_36' title="bbox 1918 1791 3502 1868; baseline -0.012 -10"><span class='ocrx_word' id='word_1_260' title='bbox 1918 1812 2117 1868; x_wconf 87' lang='lat' dir='ltr'><strong>tnarat,</strong></span> <span class='ocrx_word' id='word_1_261' title='bbox 2156 1814 2211 1857; x_wconf 88' lang='lat' dir='ltr'><strong>et</strong></span> <span class='ocrx_word' id='word_1_262' title='bbox 2239 1818 2498 1858; x_wconf 79' lang='lat' dir='ltr'><strong>revocare</strong></span> <span class='ocrx_word' id='word_1_263' title='bbox 2525 1800 2814 1855; x_wconf 83' lang='lat' dir='ltr'><strong>Dominum</strong></span> <span class='ocrx_word' id='word_1_264' title='bbox 2839 1814 2869 1852; x_wconf 88' lang='lat' dir='ltr'><strong>a</strong></span> <span class='ocrx_word' id='word_1_265' title='bbox 2893 1797 3157 1851; x_wconf 87' lang='lat' dir='ltr'><strong>Passione</strong></span> <span class='ocrx_word' id='word_1_266' title='bbox 3182 1791 3502 1846; x_wconf 88' lang='lat' dir='ltr'><strong>conabatur.</strong></span> 
     </span>
    </p>
   </div>
   <div class='ocr_carea' id='block_1_37' title="bbox 1921 1880 3504 1966">
    <p class='ocr_par' dir='ltr' id='par_1_37' title="bbox 1921 1880 3504 1966">
     <span class='ocr_line' id='line_1_37' title="bbox 1921 1880 3504 1966; baseline -0.013 -13"><span class='ocrx_word' id='word_1_267' title='bbox 1921 1901 2037 1966; x_wconf 83' lang='lat' dir='ltr'><strong>Qua</strong></span> <span class='ocrx_word' id='word_1_268' title='bbox 2104 1912 2235 1952; x_wconf 86' lang='lat' dir='ltr'><strong>vero</strong></span> <span class='ocrx_word' id='word_1_269' title='bbox 2300 1897 2367 1950; x_wconf 88' lang='lat' dir='ltr'><strong>de</strong></span> <span class='ocrx_word' id='word_1_270' title='bbox 2430 1910 2598 1950; x_wconf 87' lang='lat' dir='ltr'><strong>causa</strong></span> <span class='ocrx_word' id='word_1_271' title='bbox 2657 1892 2936 1946; x_wconf 87' lang='lat' dir='ltr'><strong>elevantes</strong></span> <span class='ocrx_word' id='word_1_272' title='bbox 2996 1884 3248 1957; x_wconf 82' lang='lat' dir='ltr'><strong>discipuli</strong></span> <span class='ocrx_word' id='word_1_273' title='bbox 3315 1880 3504 1936; x_wconf 86' lang='lat' dir='ltr'><strong>oculos</strong></span> 
     </span>
    </p>
   </div>
   <div class='ocr_carea' id='block_1_38' title="bbox 1926 1972 3500 2043">
    <p class='ocr_par' dir='ltr' id='par_1_38' title="bbox 1926 1972 3500 2043">
     <span class='ocr_line' id='line_1_38' title="bbox 1926 1972 3500 2043; baseline -0.014 0"><span class='ocrx_word' id='word_1_274' title='bbox 1926 1988 2210 2043; x_wconf 88' lang='lat' dir='ltr'><strong>Dominum</strong></span> <span class='ocrx_word' id='word_1_275' title='bbox 2236 1986 2412 2041; x_wconf 89' lang='lat' dir='ltr'><strong>solum</strong></span> <span class='ocrx_word' id='word_1_276' title='bbox 2446 1982 2743 2039; x_wconf 81' lang='lat' dir='ltr'><strong>viderunt?</strong></span> <span class='ocrx_word' id='word_1_277' title='bbox 2769 1980 2847 2036; x_wconf 83' lang='lat' dir='ltr'><strong>Ne</strong></span> <span class='ocrx_word' id='word_1_278' title='bbox 2878 1979 3085 2036; x_wconf 85' lang='lat' dir='ltr'><strong>scilicet</strong></span> <span class='ocrx_word' id='word_1_279' title='bbox 3117 1972 3500 2031; x_wconf 86' lang='lat' dir='ltr'><strong>testimonium</strong></span> 
     </span>
    </p>
   </div>
   <div class='ocr_carea' id='block_1_39' title="bbox 1922 2060 3504 2150">
    <p class='ocr_par' dir='ltr' id='par_1_39' title="bbox 1922 2060 3504 2150">
     <span class='ocr_line' id='line_1_39' title="bbox 1922 2060 3504 2150; baseline -0.012 -14"><span class='ocrx_word' id='word_1_280' title='bbox 1922 2091 2148 2150; x_wconf 82' lang='lat' dir='ltr'><strong>propter</strong></span> <span class='ocrx_word' id='word_1_281' title='bbox 2179 2078 2418 2148; x_wconf 78' lang='lat' dir='ltr'><strong>aliquem</strong></span> <span class='ocrx_word' id='word_1_282' title='bbox 2445 2093 2509 2131; x_wconf 81' lang='lat' dir='ltr'><strong>ex</strong></span> <span class='ocrx_word' id='word_1_283' title='bbox 2544 2074 2828 2147; x_wconf 85' lang='lat' dir='ltr'><strong>prophetis</strong></span> <span class='ocrx_word' id='word_1_284' title='bbox 2860 2073 3043 2127; x_wconf 85' lang='lat' dir='ltr'><strong>datum</strong></span> <span class='ocrx_word' id='word_1_285' title='bbox 3088 2069 3258 2124; x_wconf 80' lang='lat' dir='ltr'><strong>fuisse</strong></span> <span class='ocrx_word' id='word_1_286' title='bbox 3305 2060 3504 2121; x_wconf 82' lang='lat' dir='ltr'><strong>existi-</strong></span> 
     </span>
    </p>
   </div>
   <div class='ocr_carea' id='block_1_40' title="bbox 221 2159 3504 2249">
    <p class='ocr_par' dir='ltr' id='par_1_40' title="bbox 221 2159 3504 2249">
     <span class='ocr_line' id='line_1_40' title="bbox 221 2159 3504 2249; baseline -0.003 -24"><span class='ocrx_word' id='word_1_287' title='bbox 221 2183 441 2226; x_wconf 77' lang='lat' dir='ltr'><strong>marent</strong></span> <span class='ocrx_word' id='word_1_288' title='bbox 474 2194 487 2228; x_wconf 90' lang='lat'>:</span> <span class='ocrx_word' id='word_1_289' title='bbox 518 2176 638 2230; x_wconf 89' lang='lat' dir='ltr'><strong>ideo</strong></span> <span class='ocrx_word' id='word_1_290' title='bbox 676 2178 821 2244; x_wconf 88' lang='lat' dir='ltr'><strong>illuc,</strong></span> <span class='ocrx_word' id='word_1_291' title='bbox 856 2179 1000 2234; x_wconf 89' lang='lat' dir='ltr'><strong>unde</strong></span> <span class='ocrx_word' id='word_1_292' title='bbox 1036 2188 1320 2246; x_wconf 89' lang='lat' dir='ltr'><strong>venerant,</strong></span> <span class='ocrx_word' id='word_1_293' title='bbox 1393 2178 1502 2234; x_wconf 87' lang='lat' dir='ltr'><strong>illis</strong></span> <span class='ocrx_word' id='word_1_294' title='bbox 1540 2177 1843 2245; x_wconf 75' lang='lat' dir='ltr'><strong>translatis,</strong></span> <span class='ocrx_word' id='word_1_295' title='bbox 1884 2177 2123 2249; x_wconf 83' lang='lat' dir='ltr'><strong>seipsutn</strong></span> <span class='ocrx_word' id='word_1_296' title='bbox 2169 2174 2411 2231; x_wconf 84' lang='lat' dir='ltr'><strong>ostendit</strong></span> <span class='ocrx_word' id='word_1_297' title='bbox 2455 2188 2578 2229; x_wconf 87' lang='lat' dir='ltr'><strong>esse</strong></span> <span class='ocrx_word' id='word_1_298' title='bbox 2618 2172 2687 2228; x_wconf 87' lang='lat' dir='ltr'><strong>de</strong></span> <span class='ocrx_word' id='word_1_299' title='bbox 2741 2186 2848 2242; x_wconf 89' lang='lat' dir='ltr'><strong>quo</strong></span> <span class='ocrx_word' id='word_1_300' title='bbox 2897 2169 3064 2224; x_wconf 84' lang='lat' dir='ltr'><strong>latum</strong></span> <span class='ocrx_word' id='word_1_301' title='bbox 3138 2165 3318 2220; x_wconf 77' lang='lat' dir='ltr'><strong>fuerat</strong></span> <span class='ocrx_word' id='word_1_302' title='bbox 3351 2159 3504 2217; x_wconf 88' lang='lat' dir='ltr'><strong>testi-</strong></span> 
     </span>
    </p>
   </div>
   <div class='ocr_carea' id='block_1_41' title="bbox 222 2279 490 2319">
    <p class='ocr_par' dir='ltr' id='par_1_41' title="bbox 222 2279 490 2319">
     <span class='ocr_line' id='line_1_41' title="bbox 222 2279 490 2319; baseline 0.011 -3"><span class='ocrx_word' id='word_1_303' title='bbox 222 2279 490 2319; x_wconf 64' lang='lat' dir='ltr'><strong>Iconium.</strong></span> 
     </span>
    </p>
   </div>
   <div class='ocr_carea' id='block_1_42' title="bbox 295 2356 1813 2432">
    <p class='ocr_par' dir='ltr' id='par_1_42' title="bbox 295 2356 1813 2432">
     <span class='ocr_line' id='line_1_42' title="bbox 295 2356 1813 2432; baseline 0.005 -26"><span class='ocrx_word' id='word_1_304' title='bbox 295 2356 510 2408; x_wconf 71' lang='grc' dir='ltr'>Οὐκοῦν</span> <span class='ocrx_word' id='word_1_305' title='bbox 533 2356 832 2427; x_wconf 78' lang='grc' dir='ltr'><strong>δράμωμεν</strong></span> <span class='ocrx_word' id='word_1_306' title='bbox 862 2361 955 2414; x_wconf 71' lang='grc' dir='ltr'><strong>καὶ</strong></span> <span class='ocrx_word' id='word_1_307' title='bbox 991 2362 1153 2431; x_wconf 79' lang='grc' dir='ltr'>ἡμεῖς</span> <span class='ocrx_word' id='word_1_308' title='bbox 1180 2363 1313 2432; x_wconf 79' lang='grc' dir='ltr'>πρὸς</span> <span class='ocrx_word' id='word_1_309' title='bbox 1344 2365 1445 2432; x_wconf 83' lang='grc' dir='ltr'>τὴν</span> <span class='ocrx_word' id='word_1_310' title='bbox 1492 2362 1587 2417; x_wconf 77' lang='grc' dir='ltr'>τοῦ</span> <span class='ocrx_word' id='word_1_311' title='bbox 1617 2360 1813 2432; x_wconf 88' lang='grc' dir='ltr'>νοητοῦ</span> 
     </span>
    </p>
   </div>
   <div class='ocr_carea' id='block_1_43' title="bbox 220 2445 1816 2524">
    <p class='ocr_par' dir='ltr' id='par_1_43' title="bbox 220 2445 1816 2524">
     <span class='ocr_line' id='line_1_43' title="bbox 220 2445 1816 2524; baseline 0.004 -25"><span class='ocrx_word' id='word_1_312' title='bbox 220 2445 335 2499; x_wconf 85' lang='grc' dir='ltr'><strong>τῶν</strong></span> <span class='ocrx_word' id='word_1_313' title='bbox 360 2447 574 2518; x_wconf 79' lang='grc' dir='ltr'>ἀρετῶν</span> <span class='ocrx_word' id='word_1_314' title='bbox 603 2448 762 2518; x_wconf 80' lang='grc' dir='ltr'>ὅρους</span> <span class='ocrx_word' id='word_1_315' title='bbox 794 2452 1003 2518; x_wconf 78' lang='grc' dir='ltr'>ἄνοδον,</span> <span class='ocrx_word' id='word_1_316' title='bbox 1037 2453 1125 2506; x_wconf 84' lang='grc' dir='ltr'><strong>ῐνα</strong></span> <span class='ocrx_word' id='word_1_317' title='bbox 1164 2457 1299 2523; x_wconf 79' lang='grc' dir='ltr'>μετᾶ</span> <span class='ocrx_word' id='word_1_318' title='bbox 1325 2453 1419 2508; x_wconf 79' lang='grc' dir='ltr'>τοῦ</span> <span class='ocrx_word' id='word_1_319' title='bbox 1460 2452 1639 2524; x_wconf 78' lang='grc' dir='ltr'>Ἰησοῦ</span> <span class='ocrx_word' id='word_1_320' title='bbox 1672 2452 1816 2506; x_wconf 77' lang='grc' dir='ltr'>κατὰ</span> 
     </span>
    </p>
   </div>
   <div class='ocr_carea' id='block_1_44' title="bbox 219 2538 1817 2615">
    <p class='ocr_par' dir='ltr' id='par_1_44' title="bbox 219 2538 1817 2615">
     <span class='ocr_line' id='line_1_44' title="bbox 219 2538 1817 2615; baseline 0.004 -26"><span class='ocrx_word' id='word_1_321' title='bbox 219 2538 325 2606; x_wconf 81' lang='grc' dir='ltr'>τὴν</span> <span class='ocrx_word' id='word_1_322' title='bbox 354 2538 670 2608; x_wconf 83' lang='grc' dir='ltr'>ἀκρώρειαν</span> <span class='ocrx_word' id='word_1_323' title='bbox 706 2542 817 2594; x_wconf 86' lang='grc' dir='ltr'><strong>τῶν</strong></span> <span class='ocrx_word' id='word_1_324' title='bbox 861 2542 1307 2613; x_wconf 74' lang='grc' dir='ltr'><strong>κατορθωμάτων</strong></span> <span class='ocrx_word' id='word_1_325' title='bbox 1347 2546 1659 2615; x_wconf 77' lang='grc' dir='ltr'>γενόμενοι,</span> <span class='ocrx_word' id='word_1_326' title='bbox 1691 2545 1817 2596; x_wconf 76' lang='grc' dir='ltr'><strong>[εω-</strong></span> 
     </span>
    </p>
   </div>
   <div class='ocr_carea' id='block_1_45' title="bbox 224 2631 1815 2707">
    <p class='ocr_par' dir='ltr' id='par_1_45' title="bbox 224 2631 1815 2707">
     <span class='ocr_line' id='line_1_45' title="bbox 224 2631 1815 2707; baseline 0.004 -26"><span class='ocrx_word' id='word_1_327' title='bbox 224 2646 328 2696; x_wconf 88' lang='grc' dir='ltr'><strong>μεν</strong></span> <span class='ocrx_word' id='word_1_328' title='bbox 359 2631 438 2693; x_wconf 86' lang='grc' dir='ltr'>ὡς</span> <span class='ocrx_word' id='word_1_329' title='bbox 464 2634 529 2684; x_wconf 74' lang='grc' dir='ltr'>ἐκ</span> <span class='ocrx_word' id='word_1_330' title='bbox 567 2635 873 2703; x_wconf 79' lang='grc' dir='ltr'>περιωπῆς,</span> <span class='ocrx_word' id='word_1_331' title='bbox 910 2636 969 2688; x_wconf 82' lang='grc' dir='ltr'>τὸ</span> <span class='ocrx_word' id='word_1_332' title='bbox 997 2637 1111 2705; x_wconf 84' lang='grc' dir='ltr'><strong>φῶς</strong></span> <span class='ocrx_word' id='word_1_333' title='bbox 1150 2639 1328 2690; x_wconf 80' lang='grc' dir='ltr'>ὲκείνο</span> <span class='ocrx_word' id='word_1_334' title='bbox 1357 2638 1416 2690; x_wconf 82' lang='grc' dir='ltr'><strong>τὸ</strong></span> <span class='ocrx_word' id='word_1_335' title='bbox 1451 2636 1669 2707; x_wconf 79' lang='grc' dir='ltr'>δειχθὲν</span> <span class='ocrx_word' id='word_1_336' title='bbox 1700 2638 1815 2699; x_wconf 83' lang='grc' dir='ltr'>τοῖς</span> 
     </span>
    </p>
   </div>
   <div class='ocr_carea' id='block_1_46' title="bbox 218 2722 1812 2799">
    <p class='ocr_par' dir='ltr' id='par_1_46' title="bbox 218 2722 1812 2799">
     <span class='ocr_line' id='line_1_46' title="bbox 218 2722 1812 2799; baseline 0.006 -26"><span class='ocrx_word' id='word_1_337' title='bbox 218 2723 317 2774; x_wconf 75' lang='grc' dir='ltr'><strong>ἐπὶ</strong></span> <span class='ocrx_word' id='word_1_338' title='bbox 352 2722 415 2775; x_wconf 80' lang='grc' dir='ltr'>τὸ</span> <span class='ocrx_word' id='word_1_339' title='bbox 457 2722 592 2793; x_wconf 77' lang='grc' dir='ltr'>ὕψος</span> <span class='ocrx_word' id='word_1_340' title='bbox 615 2725 1046 2795; x_wconf 74' lang='grc' dir='ltr'>ἀκολουθήσασι.</span> <span class='ocrx_word' id='word_1_341' title='bbox 1089 2730 1538 2798; x_wconf 70' lang='grc' dir='ltr'>Καταλείψωμεν</span> <span class='ocrx_word' id='word_1_342' title='bbox 1572 2731 1682 2783; x_wconf 86' lang='grc' dir='ltr'><strong>τῶν</strong></span> <span class='ocrx_word' id='word_1_343' title='bbox 1713 2747 1812 2799; x_wconf 84' lang='grc' dir='ltr'><strong>χα-</strong></span> 
     </span>
    </p>
   </div>
   <div class='ocr_carea' id='block_1_47' title="bbox 224 2814 1810 2888">
    <p class='ocr_par' dir='ltr' id='par_1_47' title="bbox 224 2814 1810 2888">
     <span class='ocr_line' id='line_1_47' title="bbox 224 2814 1810 2888; baseline 0.003 -23"><span class='ocrx_word' id='word_1_344' title='bbox 224 2814 520 2883; x_wconf 79' lang='grc' dir='ltr'>μαιρεπῶν</span> <span class='ocrx_word' id='word_1_345' title='bbox 551 2816 755 2878; x_wconf 80' lang='grc' dir='ltr'>ἡδονῶν</span> <span class='ocrx_word' id='word_1_346' title='bbox 786 2819 886 2881; x_wconf 65' lang='grc' dir='ltr'><strong>τὰς</strong></span> <span class='ocrx_word' id='word_1_347' title='bbox 920 2818 1269 2888; x_wconf 79' lang='grc' dir='ltr'>κοιλότητας,</span> <span class='ocrx_word' id='word_1_348' title='bbox 1298 2820 1501 2884; x_wconf 77' lang='grc' dir='ltr'>αἵτινες</span> <span class='ocrx_word' id='word_1_349' title='bbox 1543 2819 1648 2874; x_wconf 80' lang='grc' dir='ltr'>ὑπὸ</span> <span class='ocrx_word' id='word_1_350' title='bbox 1701 2817 1810 2871; x_wconf 85' lang='grc' dir='ltr'><strong>τῶν</strong></span> 
     </span>
    </p>
   </div>
   <div class='ocr_carea' id='block_1_48' title="bbox 218 2908 1811 2984">
    <p class='ocr_par' dir='ltr' id='par_1_48' title="bbox 218 2908 1811 2984">
     <span class='ocr_line' id='line_1_48' title="bbox 218 2908 1811 2984; baseline 0.004 -25"><span class='ocrx_word' id='word_1_351' title='bbox 218 2908 497 2975; x_wconf 57' lang='grc' dir='ltr'>δαιμόνων</span> <span class='ocrx_word' id='word_1_352' title='bbox 564 2908 643 2971; x_wconf 85' lang='grc' dir='ltr'>ὡς</span> <span class='ocrx_word' id='word_1_353' title='bbox 684 2910 979 2978; x_wconf 74' lang='grc' dir='ltr'><strong>γεωλόφων</strong></span> <span class='ocrx_word' id='word_1_354' title='bbox 1027 2912 1368 2979; x_wconf 75' lang='grc' dir='ltr'>σκιάζονται,</span> <span class='ocrx_word' id='word_1_355' title='bbox 1409 2914 1504 2966; x_wconf 75' lang='grc' dir='ltr'><strong>καὶ</strong></span> <span class='ocrx_word' id='word_1_356' title='bbox 1555 2913 1691 2984; x_wconf 61' lang='grc' dir='ltr'>πρὸς</span> <span class='ocrx_word' id='word_1_357' title='bbox 1748 2913 1811 2966; x_wconf 85' lang='grc' dir='ltr'><strong>τὸ</strong></span> 
     </span>
    </p>
   </div>
   <div class='ocr_carea' id='block_1_49' title="bbox 219 2998 1817 3071">
    <p class='ocr_par' dir='ltr' id='par_1_49' title="bbox 219 2998 1817 3071">
     <span class='ocr_line' id='line_1_49' title="bbox 219 2998 1817 3071; baseline 0.005 -24"><span class='ocrx_word' id='word_1_358' title='bbox 219 2998 349 3065; x_wconf 71' lang='grc' dir='ltr'>ὅρος</span> <span class='ocrx_word' id='word_1_359' title='bbox 386 3001 567 3051; x_wconf 65' lang='grc' dir='ltr'>ἐκεῖνο</span> <span class='ocrx_word' id='word_1_360' title='bbox 606 3000 916 3070; x_wconf 73' lang='grc' dir='ltr'>γενώμεθα,</span> <span class='ocrx_word' id='word_1_361' title='bbox 949 3001 1013 3053; x_wconf 81' lang='grc' dir='ltr'><strong>τὸ</strong></span> <span class='ocrx_word' id='word_1_362' title='bbox 1049 3003 1391 3071; x_wconf 81' lang='grc' dir='ltr'>πανταχόθεν</span> <span class='ocrx_word' id='word_1_363' title='bbox 1429 3003 1537 3055; x_wconf 74' lang='grc' dir='ltr'>ὑπὸ</span> <span class='ocrx_word' id='word_1_364' title='bbox 1576 3006 1674 3071; x_wconf 84' lang='grc' dir='ltr'><strong>τῆς</strong></span> <span class='ocrx_word' id='word_1_365' title='bbox 1715 3020 1817 3055; x_wconf 88' lang='grc' dir='ltr'>πα-</span> 
     </span>
    </p>
   </div>
   <div class='ocr_carea' id='block_1_50' title="bbox 219 3088 1816 3163">
    <p class='ocr_par' dir='ltr' id='par_1_50' title="bbox 219 3088 1816 3163">
     <span class='ocr_line' id='line_1_50' title="bbox 219 3088 1816 3163; baseline 0.005 -26"><span class='ocrx_word' id='word_1_366' title='bbox 219 3088 423 3155; x_wconf 75' lang='grc' dir='ltr'>τρικῆς</span> <span class='ocrx_word' id='word_1_367' title='bbox 458 3088 691 3157; x_wconf 66' lang='grc' dir='ltr'>νεφέἶης</span> <span class='ocrx_word' id='word_1_368' title='bbox 720 3090 1229 3159; x_wconf 80' lang='grc' dir='ltr'>περιλαμπόμενον.</span> <span class='ocrx_word' id='word_1_369' title='bbox 1264 3092 1486 3145; x_wconf 77' lang='grc' dir='ltr'>Γένοιτο</span> <span class='ocrx_word' id='word_1_370' title='bbox 1514 3093 1559 3144; x_wconf 78' lang='grc' dir='ltr'>δ’</span> <span class='ocrx_word' id='word_1_371' title='bbox 1589 3091 1655 3146; x_wconf 84' lang='grc' dir='ltr'><strong>ἂν</strong></span> <span class='ocrx_word' id='word_1_372' title='bbox 1681 3094 1816 3163; x_wconf 69' lang='grc' dir='ltr'>ἡμῖν</span> 
     </span>
    </p>
   </div>
   <div class='ocr_carea' id='block_1_51' title="bbox 223 3176 1815 3251">
    <p class='ocr_par' dir='ltr' id='par_1_51' title="bbox 223 3176 1815 3251">
     <span class='ocr_line' id='line_1_51' title="bbox 223 3176 1815 3251; baseline 0.004 -23"><span class='ocrx_word' id='word_1_373' title='bbox 223 3176 385 3246; x_wconf 67' lang='grc' dir='ltr'>ῥᾳδία</span> <span class='ocrx_word' id='word_1_374' title='bbox 426 3179 461 3246; x_wconf 79' lang='grc' dir='ltr'><strong>ἡ</strong></span> <span class='ocrx_word' id='word_1_375' title='bbox 508 3177 712 3241; x_wconf 72' lang='grc' dir='ltr'>ἄνοδος,</span> <span class='ocrx_word' id='word_1_376' title='bbox 750 3183 798 3232; x_wconf 86' lang='grc' dir='ltr'>εἰ</span> <span class='ocrx_word' id='word_1_377' title='bbox 833 3181 974 3234; x_wconf 82' lang='grc' dir='ltr'>κατὰ</span> <span class='ocrx_word' id='word_1_378' title='bbox 995 3181 1088 3233; x_wconf 71' lang='grc' dir='ltr'>τὸν</span> <span class='ocrx_word' id='word_1_379' title='bbox 1130 3182 1337 3251; x_wconf 86' lang='grc' dir='ltr'>τρόπον</span> <span class='ocrx_word' id='word_1_380' title='bbox 1364 3182 1716 3251; x_wconf 84' lang='grc' dir='ltr'>ἀναχθῶμεν,</span> <span class='ocrx_word' id='word_1_381' title='bbox 1755 3182 1815 3235; x_wconf 83' lang='grc' dir='ltr'>ὃν</span> 
     </span>
    </p>
   </div>
   <div class='ocr_carea' id='block_1_52' title="bbox 221 3270 1814 3345">
    <p class='ocr_par' dir='ltr' id='par_1_52' title="bbox 221 3270 1814 3345">
     <span class='ocr_line' id='line_1_52' title="bbox 221 3270 1814 3345; baseline 0.004 -24"><span class='ocrx_word' id='word_1_382' title='bbox 221 3271 358 3339; x_wconf 66' lang='grc' dir='ltr'>ἡμῖν</span> <span class='ocrx_word' id='word_1_383' title='bbox 400 3270 650 3337; x_wconf 77' lang='grc' dir='ltr'>ὑπέδειξε</span> <span class='ocrx_word' id='word_1_384' title='bbox 699 3272 1045 3340; x_wconf 77' lang='grc' dir='ltr'>συμόολικῶς</span> <span class='ocrx_word' id='word_1_385' title='bbox 1089 3274 1358 3343; x_wconf 83' lang='grc' dir='ltr'>πρότερον</span> <span class='ocrx_word' id='word_1_386' title='bbox 1408 3274 1508 3342; x_wconf 68' lang='grc' dir='ltr'>μὶν</span> <span class='ocrx_word' id='word_1_387' title='bbox 1560 3276 1814 3345; x_wconf 79' lang='grc' dir='ltr'>Μωσῆςὸ</span> 
     </span>
    </p>
   </div>
   <div class='ocr_carea' id='block_1_53' title="bbox 221 3362 1811 3439">
    <p class='ocr_par' dir='ltr' id='par_1_53' title="bbox 221 3362 1811 3439">
     <span class='ocr_line' id='line_1_53' title="bbox 221 3362 1811 3439; baseline 0.004 -27"><span class='ocrx_word' id='word_1_388' title='bbox 221 3363 551 3433; x_wconf 77' lang='grc' dir='ltr'>νομοθέτης,</span> <span class='ocrx_word' id='word_1_389' title='bbox 579 3362 805 3433; x_wconf 76' lang='grc' dir='ltr'>ὕστερον</span> <span class='ocrx_word' id='word_1_390' title='bbox 832 3367 887 3419; x_wconf 88' lang='grc' dir='ltr'>δὲ</span> <span class='ocrx_word' id='word_1_391' title='bbox 928 3366 1136 3436; x_wconf 81' lang='grc' dir='ltr'>Ἰησοῦς</span> <span class='ocrx_word' id='word_1_392' title='bbox 1170 3368 1199 3419; x_wconf 82' lang='grc' dir='ltr'><strong>ὁ</strong></span> <span class='ocrx_word' id='word_1_393' title='bbox 1234 3368 1554 3437; x_wconf 71' lang='grc' dir='ltr'>νομοδὸτης.</span> <span class='ocrx_word' id='word_1_394' title='bbox 1609 3369 1666 3421; x_wconf 86' lang='grc' dir='ltr'>Ὀ</span> <span class='ocrx_word' id='word_1_395' title='bbox 1709 3368 1811 3439; x_wconf 80' lang='grc' dir='ltr'>μὲν</span> 
     </span>
    </p>
   </div>
   <div class='ocr_carea' id='block_1_54' title="bbox 223 3455 1814 3525">
    <p class='ocr_par' dir='ltr' id='par_1_54' title="bbox 223 3455 1814 3525">
     <span class='ocr_line' id='line_1_54' title="bbox 223 3455 1814 3525; baseline 0.003 -18"><span class='ocrx_word' id='word_1_396' title='bbox 223 3456 334 3525; x_wconf 80' lang='grc' dir='ltr'><strong>γὰρ</strong></span> <span class='ocrx_word' id='word_1_397' title='bbox 368 3455 594 3523; x_wconf 80' lang='grc' dir='ltr'>ἀνάγων</span> <span class='ocrx_word' id='word_1_398' title='bbox 648 3457 741 3509; x_wconf 82' lang='grc' dir='ltr'><strong>τὸν</strong></span> <span class='ocrx_word' id='word_1_399' title='bbox 788 3457 917 3510; x_wconf 80' lang='grc' dir='ltr'>λαὸν</span> <span class='ocrx_word' id='word_1_400' title='bbox 973 3459 1052 3521; x_wconf 81' lang='grc' dir='ltr'>εἰς</span> <span class='ocrx_word' id='word_1_401' title='bbox 1098 3459 1159 3511; x_wconf 78' lang='grc' dir='ltr'>τὸ</span> <span class='ocrx_word' id='word_1_402' title='bbox 1204 3460 1438 3525; x_wconf 83' lang='grc' dir='ltr'>Σίναιον,</span> <span class='ocrx_word' id='word_1_403' title='bbox 1493 3459 1814 3512; x_wconf 78' lang='grc' dir='ltr'>καταλιπεῖν</span> 
     </span>
    </p>
   </div>
   <div class='ocr_carea' id='block_1_55' title="bbox 220 3549 1812 3624">
    <p class='ocr_par' dir='ltr' id='par_1_55' title="bbox 220 3549 1812 3624">
     <span class='ocr_line' id='line_1_55' title="bbox 220 3549 1812 3624; baseline 0.004 -26"><span class='ocrx_word' id='word_1_404' title='bbox 220 3549 513 3601; x_wconf 72' lang='grc' dir='ltr'>ἐπιτάττει</span> <span class='ocrx_word' id='word_1_405' title='bbox 538 3549 638 3619; x_wconf 84' lang='grc' dir='ltr'>τὴν</span> <span class='ocrx_word' id='word_1_406' title='bbox 673 3551 887 3619; x_wconf 78' lang='grc' dir='ltr'><strong>ἀλόγων</strong></span> <span class='ocrx_word' id='word_1_407' title='bbox 927 3552 1090 3620; x_wconf 79' lang='grc' dir='ltr'>φύσιν</span> <span class='ocrx_word' id='word_1_408' title='bbox 1123 3554 1204 3615; x_wconf 87' lang='grc' dir='ltr'><strong>είς</strong></span> <span class='ocrx_word' id='word_1_409' title='bbox 1236 3553 1336 3623; x_wconf 82' lang='grc' dir='ltr'>τὴν</span> <span class='ocrx_word' id='word_1_410' title='bbox 1372 3551 1677 3624; x_wconf 81' lang='grc' dir='ltr'>ὑπώρειαν,</span> <span class='ocrx_word' id='word_1_411' title='bbox 1713 3571 1812 3605; x_wconf 87' lang='grc' dir='ltr'>κα-</span> 
     </span>
    </p>
   </div>
   <div class='ocr_carea' id='block_1_56' title="bbox 218 3640 1814 3715">
    <p class='ocr_par' dir='ltr' id='par_1_56' title="bbox 218 3640 1814 3715">
     <span class='ocr_line' id='line_1_56' title="bbox 218 3640 1814 3715; baseline 0.003 -23"><span class='ocrx_word' id='word_1_412' title='bbox 218 3640 483 3693; x_wconf 72' lang='grc' dir='ltr'>ταλευσιν</span> <span class='ocrx_word' id='word_1_413' title='bbox 524 3641 831 3712; x_wconf 83' lang='grc' dir='ltr'>ἀπειλήσας</span> <span class='ocrx_word' id='word_1_414' title='bbox 863 3642 942 3713; x_wconf 88' lang='grc' dir='ltr'>τῷ</span> <span class='ocrx_word' id='word_1_415' title='bbox 979 3647 1343 3713; x_wconf 72' lang='grc' dir='ltr'>προσεγγίσαι</span> <span class='ocrx_word' id='word_1_416' title='bbox 1376 3645 1752 3715; x_wconf 74' lang='grc' dir='ltr'>τολμήσαντι·</span> <span class='ocrx_word' id='word_1_417' title='bbox 1787 3648 1814 3697; x_wconf 77' lang='grc' dir='ltr'>ὁ</span> 
     </span>
    </p>
   </div>
   <div class='ocr_carea' id='block_1_57' title="bbox 219 3731 1814 3807">
    <p class='ocr_par' dir='ltr' id='par_1_57' title="bbox 219 3731 1814 3807">
     <span class='ocr_line' id='line_1_57' title="bbox 219 3731 1814 3807; baseline 0.004 -24"><span class='ocrx_word' id='word_1_418' title='bbox 219 3731 278 3783; x_wconf 71' lang='grc' dir='ltr'>δὲ</span> <span class='ocrx_word' id='word_1_419' title='bbox 323 3732 545 3802; x_wconf 74' lang='grc' dir='ltr'>Σωτὴρ,</span> <span class='ocrx_word' id='word_1_420' title='bbox 594 3733 781 3801; x_wconf 69' lang='grc' dir='ltr'>μεθεὶς</span> <span class='ocrx_word' id='word_1_421' title='bbox 830 3735 929 3805; x_wconf 81' lang='grc' dir='ltr'><strong>τὴν</strong></span> <span class='ocrx_word' id='word_1_422' title='bbox 980 3737 1173 3790; x_wconf 78' lang='grc' dir='ltr'>ὲννὰὃα</span> <span class='ocrx_word' id='word_1_423' title='bbox 1216 3738 1328 3791; x_wconf 86' lang='grc' dir='ltr'><strong>τῶν</strong></span> <span class='ocrx_word' id='word_1_424' title='bbox 1388 3738 1672 3807; x_wconf 77' lang='grc' dir='ltr'>μαθητῶν,</span> <span class='ocrx_word' id='word_1_425' title='bbox 1714 3739 1814 3807; x_wconf 81' lang='grc' dir='ltr'><strong>τὴν</strong></span> 
     </span>
    </p>
   </div>
   <div class='ocr_carea' id='block_1_58' title="bbox 219 3824 1811 3900">
    <p class='ocr_par' dir='ltr' id='par_1_58' title="bbox 219 3824 1811 3900">
     <span class='ocr_line' id='line_1_58' title="bbox 219 3824 1811 3900; baseline 0.006 -25"><span class='ocrx_word' id='word_1_426' title='bbox 219 3826 421 3895; x_wconf 72' lang='grc' dir='ltr'>τριάδα</span> <span class='ocrx_word' id='word_1_427' title='bbox 454 3826 756 3896; x_wconf 70' lang='grc' dir='ltr'>παρέλαϐε.</span> <span class='ocrx_word' id='word_1_428' title='bbox 785 3828 852 3880; x_wconf 87' lang='grc' dir='ltr'>Τί</span> <span class='ocrx_word' id='word_1_429' title='bbox 876 3824 972 3880; x_wconf 82' lang='grc' dir='ltr'><strong>οὖν</strong></span> <span class='ocrx_word' id='word_1_430' title='bbox 1016 3830 1339 3883; x_wconf 83' lang='grc' dir='ltr'>παιδεύετον</span> <span class='ocrx_word' id='word_1_431' title='bbox 1378 3830 1455 3883; x_wconf 86' lang='grc' dir='ltr'><strong>τὼ</strong></span> <span class='ocrx_word' id='word_1_432' title='bbox 1481 3831 1811 3900; x_wconf 74' lang='grc' dir='ltr'>αἰνίγματες</span> 
     </span>
    </p>
   </div>
   <div class='ocr_carea' id='block_1_59' title="bbox 233 3918 1817 3993">
    <p class='ocr_par' dir='ltr' id='par_1_59' title="bbox 233 3918 1817 3993">
     <span class='ocr_line' id='line_1_59' title="bbox 233 3918 1817 3993; baseline 0.004 -24"><span class='ocrx_word' id='word_1_433' title='bbox 233 3918 460 3984; x_wconf 79' lang='grc' dir='ltr'>Ἐπειδὴ</span> <span class='ocrx_word' id='word_1_434' title='bbox 491 3920 591 3989; x_wconf 72' lang='grc' dir='ltr'>τῆς</span> <span class='ocrx_word' id='word_1_435' title='bbox 621 3920 730 3971; x_wconf 86' lang='grc' dir='ltr'><strong>τῶν</strong></span> <span class='ocrx_word' id='word_1_436' title='bbox 758 3921 972 3988; x_wconf 76' lang='grc' dir='ltr'><strong>ἀλόγων</strong></span> <span class='ocrx_word' id='word_1_437' title='bbox 1004 3922 1223 3990; x_wconf 77' lang='grc' dir='ltr'>φύσεως</span> <span class='ocrx_word' id='word_1_438' title='bbox 1256 3923 1385 3975; x_wconf 79' lang='grc' dir='ltr'>ἴδιον</span> <span class='ocrx_word' id='word_1_439' title='bbox 1409 3923 1468 3976; x_wconf 75' lang='grc' dir='ltr'>τὸ</span> <span class='ocrx_word' id='word_1_440' title='bbox 1492 3924 1817 3993; x_wconf 75' lang='grc' dir='ltr'>κατάἴσθη-</span> 
     </span>
    </p>
   </div>
   <div class='ocr_carea' id='block_1_60' title="bbox 221 4012 1817 4085">
    <p class='ocr_par' dir='ltr' id='par_1_60' title="bbox 221 4012 1817 4085">
     <span class='ocr_line' id='line_1_60' title="bbox 221 4012 1817 4085; baseline 0.005 -24"><span class='ocrx_word' id='word_1_441' title='bbox 221 4029 308 4063; x_wconf 78' lang='grc' dir='ltr'><strong>σιν</strong></span> <span class='ocrx_word' id='word_1_442' title='bbox 360 4012 535 4081; x_wconf 74' lang='grc' dir='ltr'>μόνην</span> <span class='ocrx_word' id='word_1_443' title='bbox 584 4013 708 4083; x_wconf 83' lang='grc' dir='ltr'>δίχα</span> <span class='ocrx_word' id='word_1_444' title='bbox 751 4014 994 4077; x_wconf 73' lang='grc' dir='ltr'>διανοίας</span> <span class='ocrx_word' id='word_1_445' title='bbox 1043 4015 1476 4085; x_wconf 79' lang='grc' dir='ltr'>οἰκονομεῖσθαι,</span> <span class='ocrx_word' id='word_1_446' title='bbox 1532 4016 1817 4085; x_wconf 73' lang='grc' dir='ltr'>νομοθετεῖ</span> 
     </span>
    </p>
   </div>
   <div class='ocr_carea' id='block_1_61' title="bbox 219 4102 1800 4177">
    <p class='ocr_par' dir='ltr' id='par_1_61' title="bbox 219 4102 1800 4177">
     <span class='ocr_line' id='line_1_61' title="bbox 219 4102 1800 4177; baseline 0.003 -24"><span class='ocrx_word' id='word_1_447' title='bbox 219 4102 308 4154; x_wconf 79' lang='grc' dir='ltr'>διὰ</span> <span class='ocrx_word' id='word_1_448' title='bbox 344 4102 557 4155; x_wconf 81' lang='grc' dir='ltr'>τούτων</span> <span class='ocrx_word' id='word_1_449' title='bbox 607 4104 853 4173; x_wconf 68' lang='grc' dir='ltr'>Μιιιῦσῆς</span> <span class='ocrx_word' id='word_1_450' title='bbox 894 4105 1200 4175; x_wconf 77' lang='grc' dir='ltr'>ὑπερϐῆναι</span> <span class='ocrx_word' id='word_1_451' title='bbox 1246 4106 1344 4176; x_wconf 83' lang='grc' dir='ltr'>τὴν</span> <span class='ocrx_word' id='word_1_452' title='bbox 1384 4107 1443 4172; x_wconf 80' lang='grc' dir='ltr'><strong>ἐξ</strong></span> <span class='ocrx_word' id='word_1_453' title='bbox 1487 4106 1800 4177; x_wconf 80' lang='grc' dir='ltr'>αἰσθήσεων</span> 
     </span>
    </p>
   </div>
   <div class='ocr_carea' id='block_1_62' title="bbox 218 4196 1815 4270">
    <p class='ocr_par' dir='ltr' id='par_1_62' title="bbox 218 4196 1815 4270">
     <span class='ocr_line' id='line_1_62' title="bbox 218 4196 1815 4270; baseline 0.004 -25"><span class='ocrx_word' id='word_1_454' title='bbox 218 4196 527 4265; x_wconf 78' lang='grc' dir='ltr'>γενομένην</span> <span class='ocrx_word' id='word_1_455' title='bbox 545 4196 747 4262; x_wconf 86' lang='grc' dir='ltr'>γνῶσιν</span> <span class='ocrx_word' id='word_1_456' title='bbox 769 4199 827 4250; x_wconf 75' lang='grc' dir='ltr'>ἐν</span> <span class='ocrx_word' id='word_1_457' title='bbox 861 4201 925 4268; x_wconf 82' lang='grc' dir='ltr'>τῇ</span> <span class='ocrx_word' id='word_1_458' title='bbox 954 4200 1063 4252; x_wconf 83' lang='grc' dir='ltr'><strong>τῶν</strong></span> <span class='ocrx_word' id='word_1_459' title='bbox 1095 4200 1300 4269; x_wconf 81' lang='grc' dir='ltr'>νοητῶν</span> <span class='ocrx_word' id='word_1_460' title='bbox 1326 4199 1534 4269; x_wconf 74' lang='grc' dir='ltr'>θεωρία</span> <span class='ocrx_word' id='word_1_461' title='bbox 1554 4215 1567 4228; x_wconf 91' lang='grc'><strong>·</strong></span> <span class='ocrx_word' id='word_1_462' title='bbox 1603 4201 1815 4270; x_wconf 70' lang='grc' dir='ltr'>συνῳδὰ</span> 
     </span>
    </p>
   </div>
   <div class='ocr_carea' id='block_1_63' title="bbox 222 4290 1817 4361">
    <p class='ocr_par' dir='ltr' id='par_1_63' title="bbox 222 4290 1817 4361">
     <span class='ocr_line' id='line_1_63' title="bbox 222 4290 1817 4361; baseline 0.002 -20"><span class='ocrx_word' id='word_1_463' title='bbox 222 4290 399 4341; x_wconf 83' lang='grc' dir='ltr'>ποιῶν</span> <span class='ocrx_word' id='word_1_464' title='bbox 441 4294 536 4341; x_wconf 60' lang='grc' dir='ltr'>καὶ</span> <span class='ocrx_word' id='word_1_465' title='bbox 562 4290 593 4341; x_wconf 83' lang='grc' dir='ltr'><strong>ὁ</strong></span> <span class='ocrx_word' id='word_1_466' title='bbox 629 4290 833 4358; x_wconf 85' lang='grc' dir='ltr'>Κύριος</span> <span class='ocrx_word' id='word_1_467' title='bbox 875 4290 1134 4355; x_wconf 77' lang='grc' dir='ltr'>ἐδίδαξεν,</span> <span class='ocrx_word' id='word_1_468' title='bbox 1164 4293 1240 4354; x_wconf 79' lang='grc' dir='ltr'>ὡς</span> <span class='ocrx_word' id='word_1_469' title='bbox 1281 4294 1329 4344; x_wconf 89' lang='grc' dir='ltr'><strong>εί</strong></span> <span class='ocrx_word' id='word_1_470' title='bbox 1361 4291 1435 4361; x_wconf 86' lang='grc' dir='ltr'>μὴ</span> <span class='ocrx_word' id='word_1_471' title='bbox 1466 4294 1493 4345; x_wconf 86' lang='grc' dir='ltr'><strong>ὁ</strong></span> <span class='ocrx_word' id='word_1_472' title='bbox 1523 4292 1649 4355; x_wconf 78' lang='grc' dir='ltr'>νοῦς</span> <span class='ocrx_word' id='word_1_473' title='bbox 1682 4294 1817 4344; x_wconf 81' lang='grc' dir='ltr'>ἁπο-</span> 
     </span>
    </p>
   </div>
   <div class='ocr_carea' id='block_1_64' title="bbox 222 4380 1815 4454">
    <p class='ocr_par' dir='ltr' id='par_1_64' title="bbox 222 4380 1815 4454">
     <span class='ocr_line' id='line_1_64' title="bbox 222 4380 1815 4454; baseline 0.001 -20"><span class='ocrx_word' id='word_1_474' title='bbox 222 4381 490 4451; x_wconf 71' lang='grc' dir='ltr'>στραςρεὶς</span> <span class='ocrx_word' id='word_1_475' title='bbox 524 4380 677 4433; x_wconf 71' lang='grc' dir='ltr'>κάτω</span> <span class='ocrx_word' id='word_1_476' title='bbox 724 4380 875 4451; x_wconf 67' lang='grc' dir='ltr'>ῥίψει</span> <span class='ocrx_word' id='word_1_477' title='bbox 911 4384 1011 4454; x_wconf 80' lang='grc' dir='ltr'>τὴν</span> <span class='ocrx_word' id='word_1_478' title='bbox 1042 4384 1238 4435; x_wconf 72' lang='grc' dir='ltr'>ὲννὰξα</span> <span class='ocrx_word' id='word_1_479' title='bbox 1275 4383 1685 4453; x_wconf 81' lang='grc' dir='ltr'>προσπάθειαν,</span> <span class='ocrx_word' id='word_1_480' title='bbox 1719 4384 1815 4438; x_wconf 78' lang='grc' dir='ltr'><strong>καὶ</strong></span> 
     </span>
    </p>
   </div>
   <div class='ocr_carea' id='block_1_65' title="bbox 219 4472 1815 4545">
    <p class='ocr_par' dir='ltr' id='par_1_65' title="bbox 219 4472 1815 4545">
     <span class='ocr_line' id='line_1_65' title="bbox 219 4472 1815 4545; baseline 0.003 -19"><span class='ocrx_word' id='word_1_481' title='bbox 219 4475 317 4543; x_wconf 72' lang='grc' dir='ltr'><strong>τὴν</strong></span> <span class='ocrx_word' id='word_1_482' title='bbox 350 4472 642 4525; x_wconf 76' lang='grc' dir='ltr'>ὲπίλεκτον</span> <span class='ocrx_word' id='word_1_483' title='bbox 694 4474 903 4542; x_wconf 74' lang='grc' dir='ltr'>Τριάὃα</span> <span class='ocrx_word' id='word_1_484' title='bbox 954 4476 1262 4545; x_wconf 79' lang='grc' dir='ltr'>παραλὰὄοι</span> <span class='ocrx_word' id='word_1_485' title='bbox 1294 4476 1417 4542; x_wconf 84' lang='grc' dir='ltr'>μεθ’</span> <span class='ocrx_word' id='word_1_486' title='bbox 1452 4477 1675 4542; x_wconf 77' lang='grc' dir='ltr'>ἑαυτοῦ,</span> <span class='ocrx_word' id='word_1_487' title='bbox 1714 4477 1815 4530; x_wconf 81' lang='grc' dir='ltr'>οὐκ</span> 
     </span>
    </p>
   </div>
   <div class='ocr_carea' id='block_1_66' title="bbox 222 4566 1814 4639">
    <p class='ocr_par' dir='ltr' id='par_1_66' title="bbox 222 4566 1814 4639">
     <span class='ocr_line' id='line_1_66' title="bbox 222 4566 1814 4639; baseline 0.002 -20"><span class='ocrx_word' id='word_1_488' title='bbox 222 4568 288 4619; x_wconf 80' lang='grc' dir='ltr'>ἂν</span> <span class='ocrx_word' id='word_1_489' title='bbox 330 4566 579 4619; x_wconf 81' lang='grc' dir='ltr'>ἀνελθεῖν</span> <span class='ocrx_word' id='word_1_490' title='bbox 645 4566 857 4635; x_wconf 72' lang='grc' dir='ltr'>ἰσχύσει</span> <span class='ocrx_word' id='word_1_491' title='bbox 910 4568 1045 4638; x_wconf 82' lang='grc' dir='ltr'>πρὸς</span> <span class='ocrx_word' id='word_1_492' title='bbox 1095 4570 1157 4619; x_wconf 84' lang='grc' dir='ltr'><strong>τὸ</strong></span> <span class='ocrx_word' id='word_1_493' title='bbox 1206 4568 1341 4638; x_wconf 57' lang='lat' dir='ltr'><strong>ﬁdo;</strong></span> <span class='ocrx_word' id='word_1_494' title='bbox 1403 4572 1505 4638; x_wconf 78' lang='grc' dir='ltr'>τῆς</span> <span class='ocrx_word' id='word_1_495' title='bbox 1578 4570 1814 4639; x_wconf 68' lang='grc' dir='ltr'>ἀληθοῦς</span> 
     </span>
    </p>
   </div>
   <div class='ocr_carea' id='block_1_67' title="bbox 1990 2347 3506 2419">
    <p class='ocr_par' dir='ltr' id='par_1_67' title="bbox 1990 2347 3506 2419">
     <span class='ocr_line' id='line_1_67' title="bbox 1990 2347 3506 2419; baseline -0.005 -10"><span class='ocrx_word' id='word_1_496' title='bbox 1990 2353 2288 2409; x_wconf 86' lang='lat' dir='ltr'><strong>Curramus</strong></span> <span class='ocrx_word' id='word_1_497' title='bbox 2319 2350 2483 2419; x_wconf 88' lang='lat' dir='ltr'><strong>igitur</strong></span> <span class='ocrx_word' id='word_1_498' title='bbox 2524 2358 2577 2405; x_wconf 90' lang='lat' dir='ltr'><strong>et</strong></span> <span class='ocrx_word' id='word_1_499' title='bbox 2608 2365 2727 2413; x_wconf 87' lang='lat' dir='ltr'><strong>nos,</strong></span> <span class='ocrx_word' id='word_1_500' title='bbox 2785 2359 2838 2404; x_wconf 90' lang='lat' dir='ltr'><strong>et</strong></span> <span class='ocrx_word' id='word_1_501' title='bbox 2872 2350 2938 2404; x_wconf 87' lang='lat' dir='ltr'><strong>ad</strong></span> <span class='ocrx_word' id='word_1_502' title='bbox 2975 2355 3215 2403; x_wconf 86' lang='lat' dir='ltr'><strong>montem</strong></span> <span class='ocrx_word' id='word_1_503' title='bbox 3247 2347 3506 2417; x_wconf 80' lang='lat' dir='ltr'><strong>intelligi-</strong></span> 
     </span>
    </p>
   </div>
   <div class='ocr_carea' id='block_1_68' title="bbox 1921 2444 3500 2511">
    <p class='ocr_par' dir='ltr' id='par_1_68' title="bbox 1921 2444 3500 2511">
     <span class='ocr_line' id='line_1_68' title="bbox 1921 2444 3500 2511; baseline -0.004 -11"><span class='ocrx_word' id='word_1_504' title='bbox 1921 2444 2109 2511; x_wconf 87' lang='lat' dir='ltr'><strong>bilem,</strong></span> <span class='ocrx_word' id='word_1_505' title='bbox 2140 2446 2395 2500; x_wconf 90' lang='lat' dir='ltr'><strong>virtutem</strong></span> <span class='ocrx_word' id='word_1_506' title='bbox 2436 2444 2671 2507; x_wconf 89' lang='lat' dir='ltr'><strong>scilicet,</strong></span> <span class='ocrx_word' id='word_1_507' title='bbox 2708 2444 3089 2505; x_wconf 84' lang='lat' dir='ltr'><strong>ascendamus,</strong></span> <span class='ocrx_word' id='word_1_508' title='bbox 3139 2450 3195 2495; x_wconf 91' lang='lat' dir='ltr'><strong>ut</strong></span> <span class='ocrx_word' id='word_1_509' title='bbox 3235 2455 3339 2495; x_wconf 87' lang='lat' dir='ltr'><strong>una</strong></span> <span class='ocrx_word' id='word_1_510' title='bbox 3376 2456 3500 2495; x_wconf 90' lang='lat' dir='ltr'><strong>cum</strong></span> 
     </span>
    </p>
   </div>
   <div class='ocr_carea' id='block_1_69' title="bbox 1920 2536 3501 2607">
    <p class='ocr_par' dir='ltr' id='par_1_69' title="bbox 1920 2536 3501 2607">
     <span class='ocr_line' id='line_1_69' title="bbox 1920 2536 3501 2607; baseline -0.003 -13"><span class='ocrx_word' id='word_1_511' title='bbox 1920 2538 2046 2596; x_wconf 77' lang='lat' dir='ltr'><strong>Jesn</strong></span> <span class='ocrx_word' id='word_1_512' title='bbox 2074 2541 2125 2594; x_wconf 91' lang='lat' dir='ltr'><strong>in</strong></span> <span class='ocrx_word' id='word_1_513' title='bbox 2150 2549 2299 2593; x_wconf 89' lang='lat' dir='ltr'><strong>recte</strong></span> <span class='ocrx_word' id='word_1_514' title='bbox 2321 2539 2479 2593; x_wconf 78' lang='lat' dir='ltr'><strong>factis</strong></span> <span class='ocrx_word' id='word_1_515' title='bbox 2500 2538 2654 2607; x_wconf 87' lang='lat' dir='ltr'><strong>quasi</strong></span> <span class='ocrx_word' id='word_1_516' title='bbox 2674 2537 2724 2591; x_wconf 91' lang='lat' dir='ltr'><strong>in</strong></span> <span class='ocrx_word' id='word_1_517' title='bbox 2751 2552 2966 2591; x_wconf 89' lang='lat' dir='ltr'><strong>sunnno</strong></span> <span class='ocrx_word' id='word_1_518' title='bbox 2988 2546 3177 2589; x_wconf 81' lang='lat' dir='ltr'><strong>monte</strong></span> <span class='ocrx_word' id='word_1_519' title='bbox 3196 2536 3501 2601; x_wconf 84' lang='lat' dir='ltr'><strong>constituti,</strong></span> 
     </span>
    </p>
   </div>
   <div class='ocr_carea' id='block_1_70' title="bbox 1921 2629 3497 2701">
    <p class='ocr_par' dir='ltr' id='par_1_70' title="bbox 1921 2629 3497 2701">
     <span class='ocr_line' id='line_1_70' title="bbox 1921 2629 3497 2701; baseline -0.004 -16"><span class='ocrx_word' id='word_1_520' title='bbox 1921 2632 2085 2688; x_wconf 84' lang='lat' dir='ltr'><strong>veluti</strong></span> <span class='ocrx_word' id='word_1_521' title='bbox 2112 2648 2179 2688; x_wconf 79' lang='lat' dir='ltr'><strong>ex</strong></span> <span class='ocrx_word' id='word_1_522' title='bbox 2215 2632 2397 2700; x_wconf 85' lang='lat' dir='ltr'><strong>aliqua</strong></span> <span class='ocrx_word' id='word_1_523' title='bbox 2427 2631 2641 2701; x_wconf 83' lang='lat' dir='ltr'><strong>specula</strong></span> <span class='ocrx_word' id='word_1_524' title='bbox 2672 2629 3102 2699; x_wconf 78' lang='lat' dir='ltr'><strong>contemplemur</strong></span> <span class='ocrx_word' id='word_1_525' title='bbox 3128 2629 3272 2683; x_wconf 83' lang='lat' dir='ltr'><strong>illam</strong></span> <span class='ocrx_word' id='word_1_526' title='bbox 3300 2630 3497 2693; x_wconf 86' lang='lat' dir='ltr'><strong>lucem,</strong></span> 
     </span>
    </p>
   </div>
   <div class='ocr_carea' id='block_1_71' title="bbox 1918 2723 3501 2799">
    <p class='ocr_par' dir='ltr' id='par_1_71' title="bbox 1918 2723 3501 2799">
     <span class='ocr_line' id='line_1_71' title="bbox 1918 2723 3501 2799; baseline -0.004 -16"><span class='ocrx_word' id='word_1_527' title='bbox 1918 2744 2040 2799; x_wconf 72' lang='lat' dir='ltr'><strong>qua:</strong></span> <span class='ocrx_word' id='word_1_528' title='bbox 2066 2727 2132 2782; x_wconf 85' lang='lat' dir='ltr'><strong>ad</strong></span> <span class='ocrx_word' id='word_1_529' title='bbox 2163 2728 2377 2782; x_wconf 87' lang='lat' dir='ltr'><strong>culmen</strong></span> <span class='ocrx_word' id='word_1_530' title='bbox 2418 2741 2589 2795; x_wconf 88' lang='lat' dir='ltr'><strong>usque</strong></span> <span class='ocrx_word' id='word_1_531' title='bbox 2634 2726 2840 2780; x_wconf 83' lang='lat' dir='ltr'><strong>secutis</strong></span> <span class='ocrx_word' id='word_1_532' title='bbox 2870 2733 3089 2780; x_wconf 86' lang='lat' dir='ltr'><strong>ostensa</strong></span> <span class='ocrx_word' id='word_1_533' title='bbox 3130 2732 3234 2778; x_wconf 88' lang='lat' dir='ltr'><strong>est.</strong></span> <span class='ocrx_word' id='word_1_534' title='bbox 3270 2723 3469 2781; x_wconf 87' lang='lat' dir='ltr'><strong>Desera</strong></span> <span class='ocrx_word' id='word_1_535' title='bbox 3498 2760 3501 2761; x_wconf 49' lang='grc' dir='ltr'><strong>ν</strong></span> 
     </span>
    </p>
   </div>
   <div class='ocr_carea' id='block_1_72' title="bbox 1922 2815 3501 2887">
    <p class='ocr_par' dir='ltr' id='par_1_72' title="bbox 1922 2815 3501 2887">
     <span class='ocr_line' id='line_1_72' title="bbox 1922 2815 3501 2887; baseline -0.002 -14"><span class='ocrx_word' id='word_1_536' title='bbox 1922 2835 2040 2873; x_wconf 83' lang='lat' dir='ltr'><strong>ntus</strong></span> <span class='ocrx_word' id='word_1_537' title='bbox 2065 2818 2401 2886; x_wconf 77' lang='lat' dir='ltr'><strong>voluptatum</strong></span> <span class='ocrx_word' id='word_1_538' title='bbox 2447 2818 2598 2872; x_wconf 89' lang='lat' dir='ltr'><strong>bumi</strong></span> <span class='ocrx_word' id='word_1_539' title='bbox 2634 2817 2943 2887; x_wconf 84' lang='lat' dir='ltr'><strong>repentium</strong></span> <span class='ocrx_word' id='word_1_540' title='bbox 2980 2815 3171 2878; x_wconf 84' lang='lat' dir='ltr'><strong>valles,</strong></span> <span class='ocrx_word' id='word_1_541' title='bbox 3204 2829 3326 2885; x_wconf 71' lang='lat' dir='ltr'><strong>qua:</strong></span> <span class='ocrx_word' id='word_1_542' title='bbox 3368 2830 3501 2870; x_wconf 84' lang='lat' dir='ltr'><strong>sane</strong></span> 
     </span>
    </p>
   </div>
   <div class='ocr_carea' id='block_1_73' title="bbox 1920 2906 3497 2975">
    <p class='ocr_par' dir='ltr' id='par_1_73' title="bbox 1920 2906 3497 2975">
     <span class='ocr_line' id='line_1_73' title="bbox 1920 2906 3497 2975; baseline 0 -11"><span class='ocrx_word' id='word_1_543' title='bbox 1920 2930 1947 2964; x_wconf 76' lang='grc' dir='ltr'><strong>ιι</strong></span> <span class='ocrx_word' id='word_1_544' title='bbox 1990 2910 2330 2965; x_wconf 58' lang='lat' dir='ltr'><strong>daemonibus</strong></span> <span class='ocrx_word' id='word_1_545' title='bbox 2361 2909 2526 2965; x_wconf 89' lang='lat' dir='ltr'><strong>veluti</strong></span> <span class='ocrx_word' id='word_1_546' title='bbox 2581 2910 2855 2963; x_wconf 87' lang='lat' dir='ltr'><strong>montibus</strong></span> <span class='ocrx_word' id='word_1_547' title='bbox 2900 2906 3306 2975; x_wconf 85' lang='lat' dir='ltr'><strong>inutnbrantur,</strong></span> <span class='ocrx_word' id='word_1_548' title='bbox 3343 2919 3399 2966; x_wconf 86' lang='lat' dir='ltr'><strong>et</strong></span> <span class='ocrx_word' id='word_1_549' title='bbox 3430 2910 3497 2965; x_wconf 83' lang='lat' dir='ltr'><strong>ad</strong></span> 
     </span>
    </p>
   </div>
   <div class='ocr_carea' id='block_1_74' title="bbox 1920 3004 3500 3073">
    <p class='ocr_par' dir='ltr' id='par_1_74' title="bbox 1920 3004 3500 3073">
     <span class='ocr_line' id='line_1_74' title="bbox 1920 3004 3500 3073; baseline 0.001 -12"><span class='ocrx_word' id='word_1_550' title='bbox 1920 3016 2157 3061; x_wconf 89' lang='lat' dir='ltr'><strong>montem</strong></span> <span class='ocrx_word' id='word_1_551' title='bbox 2190 3007 2339 3061; x_wconf 85' lang='lat' dir='ltr'><strong>illum</strong></span> <span class='ocrx_word' id='word_1_552' title='bbox 2390 3006 2769 3060; x_wconf 84' lang='lat' dir='ltr'><strong>eollustratutn</strong></span> <span class='ocrx_word' id='word_1_553' title='bbox 2812 3004 3048 3073; x_wconf 83' lang='lat' dir='ltr'><strong>undique</strong></span> <span class='ocrx_word' id='word_1_554' title='bbox 3081 3014 3305 3069; x_wconf 82' lang='lat' dir='ltr'><strong>paterna</strong></span> <span class='ocrx_word' id='word_1_555' title='bbox 3355 3006 3500 3061; x_wconf 86' lang='lat' dir='ltr'><strong>nube</strong></span> 
     </span>
    </p>
   </div>
   <div class='ocr_carea' id='block_1_75' title="bbox 1917 3095 3497 3165">
    <p class='ocr_par' dir='ltr' id='par_1_75' title="bbox 1917 3095 3497 3165">
     <span class='ocr_line' id='line_1_75' title="bbox 1917 3095 3497 3165; baseline 0 -16"><span class='ocrx_word' id='word_1_556' title='bbox 1917 3098 2306 3165; x_wconf 77' lang='lat' dir='ltr'><strong>pertingamus.</strong></span> <span class='ocrx_word' id='word_1_557' title='bbox 2345 3095 2530 3150; x_wconf 84' lang='lat' dir='ltr'><strong>Fuerit</strong></span> <span class='ocrx_word' id='word_1_558' title='bbox 2561 3106 2742 3150; x_wconf 89' lang='lat' dir='ltr'><strong>autem</strong></span> <span class='ocrx_word' id='word_1_559' title='bbox 2795 3096 2970 3152; x_wconf 78' lang='lat' dir='ltr'><strong>facilis</strong></span> <span class='ocrx_word' id='word_1_560' title='bbox 3004 3097 3165 3152; x_wconf 87' lang='lat' dir='ltr'><strong>nobis</strong></span> <span class='ocrx_word' id='word_1_561' title='bbox 3211 3112 3497 3162; x_wconf 83' lang='lat' dir='ltr'><strong>ascensus,</strong></span> 
     </span>
    </p>
   </div>
   <div class='ocr_carea' id='block_1_76' title="bbox 1918 3189 3499 3259">
    <p class='ocr_par' dir='ltr' id='par_1_76' title="bbox 1918 3189 3499 3259">
     <span class='ocr_line' id='line_1_76' title="bbox 1918 3189 3499 3259; baseline -0.002 -15"><span class='ocrx_word' id='word_1_562' title='bbox 1918 3190 1963 3244; x_wconf 91' lang='lat' dir='ltr'><strong>si</strong></span> <span class='ocrx_word' id='word_1_563' title='bbox 2013 3204 2079 3243; x_wconf 88' lang='lat' dir='ltr'><strong>eo</strong></span> <span class='ocrx_word' id='word_1_564' title='bbox 2134 3190 2293 3245; x_wconf 90' lang='lat' dir='ltr'><strong>modo</strong></span> <span class='ocrx_word' id='word_1_565' title='bbox 2348 3190 2790 3252; x_wconf 82' lang='lat' dir='ltr'><strong>ascenderimus,</strong></span> <span class='ocrx_word' id='word_1_566' title='bbox 2843 3203 3004 3258; x_wconf 88' lang='lat' dir='ltr'><strong>quem</strong></span> <span class='ocrx_word' id='word_1_567' title='bbox 3058 3189 3234 3259; x_wconf 85' lang='lat' dir='ltr'><strong>primo</strong></span> <span class='ocrx_word' id='word_1_568' title='bbox 3279 3191 3499 3258; x_wconf 85' lang='lat' dir='ltr'><strong>quidem</strong></span> 
     </span>
    </p>
   </div>
   <div class='ocr_carea' id='block_1_77' title="bbox 1919 3279 3501 3353">
    <p class='ocr_par' dir='ltr' id='par_1_77' title="bbox 1919 3279 3501 3353">
     <span class='ocr_line' id='line_1_77' title="bbox 1919 3279 3501 3353; baseline 0.003 -22"><span class='ocrx_word' id='word_1_569' title='bbox 1919 3280 2215 3353; x_wconf 72' lang='lat' dir='ltr'><strong>symbolice</strong></span> <span class='ocrx_word' id='word_1_570' title='bbox 2252 3281 2409 3335; x_wconf 82' lang='lat' dir='ltr'><strong>nobis</strong></span> <span class='ocrx_word' id='word_1_571' title='bbox 2450 3279 2624 3334; x_wconf 81' lang='lat' dir='ltr'><strong>Moses</strong></span> <span class='ocrx_word' id='word_1_572' title='bbox 2661 3280 2955 3349; x_wconf 82' lang='lat' dir='ltr'><strong>legislator,</strong></span> <span class='ocrx_word' id='word_1_573' title='bbox 2998 3280 3338 3348; x_wconf 84' lang='lat' dir='ltr'><strong>postmodum</strong></span> <span class='ocrx_word' id='word_1_574' title='bbox 3371 3296 3501 3335; x_wconf 88' lang='lat' dir='ltr'><strong>vero</strong></span> 
     </span>
    </p>
   </div>
   <div class='ocr_carea' id='block_1_78' title="bbox 1916 3370 3501 3441">
    <p class='ocr_par' dir='ltr' id='par_1_78' title="bbox 1916 3370 3501 3441">
     <span class='ocr_line' id='line_1_78' title="bbox 1916 3370 3501 3441; baseline -0.001 -13"><span class='ocrx_word' id='word_1_575' title='bbox 1916 3372 2072 3429; x_wconf 71' lang='lat' dir='ltr'><strong>Iesus</strong></span> <span class='ocrx_word' id='word_1_576' title='bbox 2109 3372 2387 3441; x_wconf 83' lang='lat' dir='ltr'><strong>legislator</strong></span> <span class='ocrx_word' id='word_1_577' title='bbox 2406 3372 2667 3426; x_wconf 76' lang='lat' dir='ltr'><strong>Ostendit.</strong></span> <span class='ocrx_word' id='word_1_578' title='bbox 2693 3370 2787 3426; x_wconf 86' lang='lat' dir='ltr'><strong>ille</strong></span> <span class='ocrx_word' id='word_1_579' title='bbox 2806 3372 2951 3426; x_wconf 88' lang='lat' dir='ltr'><strong>enim</strong></span> <span class='ocrx_word' id='word_1_580' title='bbox 2984 3372 3240 3441; x_wconf 82' lang='lat' dir='ltr'><strong>populum</strong></span> <span class='ocrx_word' id='word_1_581' title='bbox 3264 3373 3501 3428; x_wconf 83' lang='lat' dir='ltr'><strong>educeus</strong></span> 
     </span>
    </p>
   </div>
   <div class='ocr_carea' id='block_1_79' title="bbox 1920 3463 3500 3534">
    <p class='ocr_par' dir='ltr' id='par_1_79' title="bbox 1920 3463 3500 3534">
     <span class='ocr_line' id='line_1_79' title="bbox 1920 3463 3500 3534; baseline 0 -16"><span class='ocrx_word' id='word_1_582' title='bbox 1920 3465 1974 3518; x_wconf 90' lang='lat' dir='ltr'><strong>in</strong></span> <span class='ocrx_word' id='word_1_583' title='bbox 2028 3463 2182 3518; x_wconf 83' lang='lat' dir='ltr'><strong>Sinai</strong></span> <span class='ocrx_word' id='word_1_584' title='bbox 2245 3474 2506 3528; x_wconf 87' lang='lat' dir='ltr'><strong>montem,</strong></span> <span class='ocrx_word' id='word_1_585' title='bbox 2570 3472 2819 3518; x_wconf 88' lang='lat' dir='ltr'><strong>naturam</strong></span> <span class='ocrx_word' id='word_1_586' title='bbox 2864 3463 3094 3519; x_wconf 87' lang='lat' dir='ltr'><strong>rationis</strong></span> <span class='ocrx_word' id='word_1_587' title='bbox 3130 3474 3410 3534; x_wconf 82' lang='lat' dir='ltr'><strong>expertem</strong></span> <span class='ocrx_word' id='word_1_588' title='bbox 3448 3466 3500 3518; x_wconf 93' lang='lat' dir='ltr'><strong>in</strong></span> 
     </span>
    </p>
   </div>
   <div class='ocr_carea' id='block_1_80' title="bbox 1920 3554 3505 3626">
    <p class='ocr_par' dir='ltr' id='par_1_80' title="bbox 1920 3554 3505 3626">
     <span class='ocr_line' id='line_1_80' title="bbox 1920 3554 3505 3626; baseline 0.002 -20"><span class='ocrx_word' id='word_1_589' title='bbox 1920 3556 2027 3609; x_wconf 88' lang='lat' dir='ltr'><strong>imo</strong></span> <span class='ocrx_word' id='word_1_590' title='bbox 2050 3564 2232 3610; x_wconf 89' lang='lat' dir='ltr'><strong>tnonte</strong></span> <span class='ocrx_word' id='word_1_591' title='bbox 2283 3554 2583 3625; x_wconf 87' lang='lat' dir='ltr'><strong>derelinqui</strong></span> <span class='ocrx_word' id='word_1_592' title='bbox 2631 3555 2907 3626; x_wconf 72' lang='lat' dir='ltr'><strong>prmcepit,</strong></span> <span class='ocrx_word' id='word_1_593' title='bbox 2942 3555 3281 3610; x_wconf 89' lang='lat' dir='ltr'><strong>obruendum</strong></span> <span class='ocrx_word' id='word_1_594' title='bbox 3308 3555 3505 3626; x_wconf 79' lang='lat' dir='ltr'><strong>lapidi-</strong></span> 
     </span>
    </p>
   </div>
   <div class='ocr_carea' id='block_1_81' title="bbox 1919 3648 3503 3715">
    <p class='ocr_par' dir='ltr' id='par_1_81' title="bbox 1919 3648 3503 3715">
     <span class='ocr_line' id='line_1_81' title="bbox 1919 3648 3503 3715; baseline 0.001 -15"><span class='ocrx_word' id='word_1_595' title='bbox 1919 3650 2037 3713; x_wconf 74' lang='lat' dir='ltr'><strong>Illis,</strong></span> <span class='ocrx_word' id='word_1_596' title='bbox 2071 3648 2116 3703; x_wconf 91' lang='lat' dir='ltr'><strong>si</strong></span> <span class='ocrx_word' id='word_1_597' title='bbox 2147 3648 2269 3714; x_wconf 79' lang='lat' dir='ltr'><strong>quis</strong></span> <span class='ocrx_word' id='word_1_598' title='bbox 2304 3664 2422 3703; x_wconf 85' lang='lat' dir='ltr'><strong>eam</strong></span> <span class='ocrx_word' id='word_1_599' title='bbox 2454 3651 2743 3704; x_wconf 84' lang='lat' dir='ltr'><strong>admovere</strong></span> <span class='ocrx_word' id='word_1_600' title='bbox 2773 3663 2941 3704; x_wconf 84' lang='lat' dir='ltr'><strong>ausus</strong></span> <span class='ocrx_word' id='word_1_601' title='bbox 2981 3662 3150 3715; x_wconf 82' lang='lat' dir='ltr'><strong>esset,</strong></span> <span class='ocrx_word' id='word_1_602' title='bbox 3182 3649 3503 3704; x_wconf 87' lang='lat' dir='ltr'><strong>intermina-</strong></span> 
     </span>
    </p>
   </div>
   <div class='ocr_carea' id='block_1_82' title="bbox 1921 3739 3502 3810">
    <p class='ocr_par' dir='ltr' id='par_1_82' title="bbox 1921 3739 3502 3810">
     <span class='ocr_line' id='line_1_82' title="bbox 1921 3739 3502 3810; baseline 0 -17"><span class='ocrx_word' id='word_1_603' title='bbox 1921 3751 2007 3796; x_wconf 87' lang='lat' dir='ltr'><strong>tus</strong></span> <span class='ocrx_word' id='word_1_604' title='bbox 2037 3739 2130 3794; x_wconf 74' lang='lat' dir='ltr'><strong>“z</strong></span> <span class='ocrx_word' id='word_1_605' title='bbox 2170 3739 2423 3795; x_wconf 84' lang='lat' dir='ltr'><strong>Salvator</strong></span> <span class='ocrx_word' id='word_1_606' title='bbox 2464 3756 2590 3794; x_wconf 86' lang='lat' dir='ltr'><strong>vero</strong></span> <span class='ocrx_word' id='word_1_607' title='bbox 2641 3739 2935 3810; x_wconf 86' lang='lat' dir='ltr'><strong>discipulos</strong></span> <span class='ocrx_word' id='word_1_608' title='bbox 2977 3755 3173 3795; x_wconf 87' lang='lat' dir='ltr'><strong>novem</strong></span> <span class='ocrx_word' id='word_1_609' title='bbox 3221 3740 3502 3807; x_wconf 89' lang='lat' dir='ltr'><strong>omitteus,</strong></span> 
     </span>
    </p>
   </div>
   <div class='ocr_carea' id='block_1_83' title="bbox 1920 3828 3504 3902">
    <p class='ocr_par' dir='ltr' id='par_1_83' title="bbox 1920 3828 3504 3902">
     <span class='ocr_line' id='line_1_83' title="bbox 1920 3828 3504 3902; baseline 0.003 -21"><span class='ocrx_word' id='word_1_610' title='bbox 1920 3828 2167 3883; x_wconf 81' lang='lat' dir='ltr'><strong>adhibuit</strong></span> <span class='ocrx_word' id='word_1_611' title='bbox 2204 3840 2335 3883; x_wconf 89' lang='lat' dir='ltr'><strong>tres.</strong></span> <span class='ocrx_word' id='word_1_612' title='bbox 2387 3829 2528 3897; x_wconf 85' lang='lat' dir='ltr'><strong>Quid</strong></span> <span class='ocrx_word' id='word_1_613' title='bbox 2576 3830 2735 3899; x_wconf 79' lang='lat' dir='ltr'><strong>igitur</strong></span> <span class='ocrx_word' id='word_1_614' title='bbox 2782 3830 2889 3885; x_wconf 88' lang='lat' dir='ltr'><strong>duo</strong></span> <span class='ocrx_word' id='word_1_615' title='bbox 2923 3831 3038 3886; x_wconf 68' lang='lat' dir='ltr'><strong>haec</strong></span> <span class='ocrx_word' id='word_1_616' title='bbox 3079 3832 3367 3902; x_wconf 69' lang='lat' dir='ltr'><strong>aenigmata</strong></span> <span class='ocrx_word' id='word_1_617' title='bbox 3404 3832 3504 3886; x_wconf 83' lang='lat' dir='ltr'><strong>do-</strong></span> 
     </span>
    </p>
   </div>
   <div class='ocr_carea' id='block_1_84' title="bbox 1918 3920 3506 3992">
    <p class='ocr_par' dir='ltr' id='par_1_84' title="bbox 1918 3920 3506 3992">
     <span class='ocr_line' id='line_1_84' title="bbox 1918 3920 3506 3992; baseline 0.001 -17"><span class='ocrx_word' id='word_1_618' title='bbox 1918 3922 2084 3976; x_wconf 84' lang='lat' dir='ltr'><strong>cent?</strong></span> <span class='ocrx_word' id='word_1_619' title='bbox 2106 3920 2375 3987; x_wconf 83' lang='lat' dir='ltr'><strong>Quoniam</strong></span> <span class='ocrx_word' id='word_1_620' title='bbox 2410 3923 2771 3976; x_wconf 83' lang='lat' dir='ltr'><strong>animantium</strong></span> <span class='ocrx_word' id='word_1_621' title='bbox 2799 3939 2904 3977; x_wconf 90' lang='lat' dir='ltr'><strong>non</strong></span> <span class='ocrx_word' id='word_1_622' title='bbox 2936 3934 3249 3992; x_wconf 80' lang='lat' dir='ltr'><strong>competunt</strong></span> <span class='ocrx_word' id='word_1_623' title='bbox 3278 3924 3506 3977; x_wconf 82' lang='lat' dir='ltr'><strong>rationis</strong></span> 
     </span>
    </p>
   </div>
   <div class='ocr_carea' id='block_1_85' title="bbox 1918 4014 3503 4084">
    <p class='ocr_par' dir='ltr' id='par_1_85' title="bbox 1918 4014 3503 4084">
     <span class='ocr_line' id='line_1_85' title="bbox 1918 4014 3503 4084; baseline -0.001 -16"><span class='ocrx_word' id='word_1_624' title='bbox 1918 4023 2002 4068; x_wconf 88' lang='lat' dir='ltr'><strong>est</strong></span> <span class='ocrx_word' id='word_1_625' title='bbox 2033 4015 2200 4069; x_wconf 88' lang='lat' dir='ltr'><strong>ductu</strong></span> <span class='ocrx_word' id='word_1_626' title='bbox 2249 4030 2442 4070; x_wconf 86' lang='lat' dir='ltr'><strong>sensus</strong></span> <span class='ocrx_word' id='word_1_627' title='bbox 2476 4016 2593 4069; x_wconf 90' lang='lat' dir='ltr'><strong>sine</strong></span> <span class='ocrx_word' id='word_1_628' title='bbox 2629 4015 2824 4069; x_wconf 76' lang='lat' dir='ltr'><strong>mentis</strong></span> <span class='ocrx_word' id='word_1_629' title='bbox 2859 4015 3151 4082; x_wconf 81' lang='lat' dir='ltr'><strong>agitatione</strong></span> <span class='ocrx_word' id='word_1_630' title='bbox 3187 4014 3503 4084; x_wconf 77' lang='lat' dir='ltr'><strong>gubernari,</strong></span> 
     </span>
    </p>
   </div>
   <div class='ocr_carea' id='block_1_86' title="bbox 1918 4106 3507 4178">
    <p class='ocr_par' dir='ltr' id='par_1_86' title="bbox 1918 4106 3507 4178">
     <span class='ocr_line' id='line_1_86' title="bbox 1918 4106 3507 4178; baseline 0.002 -19"><span class='ocrx_word' id='word_1_631' title='bbox 1918 4108 2175 4163; x_wconf 86' lang='lat' dir='ltr'><strong>admonet</strong></span> <span class='ocrx_word' id='word_1_632' title='bbox 2207 4106 2406 4174; x_wconf 81' lang='lat' dir='ltr'><strong>Moses,</strong></span> <span class='ocrx_word' id='word_1_633' title='bbox 2446 4115 2505 4161; x_wconf 89' lang='lat' dir='ltr'><strong>ut</strong></span> <span class='ocrx_word' id='word_1_634' title='bbox 2537 4108 2589 4161; x_wconf 93' lang='lat' dir='ltr'><strong>in</strong></span> <span class='ocrx_word' id='word_1_635' title='bbox 2635 4107 2993 4177; x_wconf 73' lang='lat' dir='ltr'><strong>Spiritualium</strong></span> <span class='ocrx_word' id='word_1_636' title='bbox 3047 4107 3507 4178; x_wconf 87' lang='lat' dir='ltr'><strong>contemplatione</strong></span> 
     </span>
    </p>
   </div>
   <div class='ocr_carea' id='block_1_87' title="bbox 1918 4200 3504 4269">
    <p class='ocr_par' dir='ltr' id='par_1_87' title="bbox 1918 4200 3504 4269">
     <span class='ocr_line' id='line_1_87' title="bbox 1918 4200 3504 4269; baseline -0.001 -14"><span class='ocrx_word' id='word_1_637' title='bbox 1918 4216 2101 4255; x_wconf 88' lang='lat' dir='ltr'><strong>rerum</strong></span> <span class='ocrx_word' id='word_1_638' title='bbox 2133 4200 2499 4269; x_wconf 73' lang='lat' dir='ltr'><strong>cognitionem</strong></span> <span class='ocrx_word' id='word_1_639' title='bbox 2524 4211 2732 4267; x_wconf 82' lang='lat' dir='ltr'><strong>partam</strong></span> <span class='ocrx_word' id='word_1_640' title='bbox 2761 4200 3015 4253; x_wconf 82' lang='lat' dir='ltr'><strong>sensibus</strong></span> <span class='ocrx_word' id='word_1_641' title='bbox 3037 4200 3504 4255; x_wconf 80' lang='lat' dir='ltr'><strong>transeendamus.</strong></span> 
     </span>
    </p>
   </div>
   <div class='ocr_carea' id='block_1_88' title="bbox 1917 4290 3501 4363">
    <p class='ocr_par' dir='ltr' id='par_1_88' title="bbox 1917 4290 3501 4363">
     <span class='ocr_line' id='line_1_88' title="bbox 1917 4290 3501 4363; baseline 0.003 -19"><span class='ocrx_word' id='word_1_642' title='bbox 1917 4293 2097 4363; x_wconf 83' lang='lat' dir='ltr'><strong>Atque</strong></span> <span class='ocrx_word' id='word_1_643' title='bbox 2120 4294 2204 4346; x_wconf 87' lang='lat' dir='ltr'><strong>bis</strong></span> <span class='ocrx_word' id='word_1_644' title='bbox 2219 4301 2587 4347; x_wconf 74' lang='lat' dir='ltr'><strong>consentauta</strong></span> <span class='ocrx_word' id='word_1_645' title='bbox 2612 4291 2819 4346; x_wconf 80' lang='lat' dir='ltr'><strong>iaciens</strong></span> <span class='ocrx_word' id='word_1_646' title='bbox 2838 4290 3097 4346; x_wconf 89' lang='lat' dir='ltr'><strong>Dominus</strong></span> <span class='ocrx_word' id='word_1_647' title='bbox 3119 4295 3376 4357; x_wconf 80' lang='lat' dir='ltr'><strong>ostendit,</strong></span> <span class='ocrx_word' id='word_1_648' title='bbox 3400 4293 3501 4347; x_wconf 90' lang='lat' dir='ltr'><strong>nisi</strong></span> 
     </span>
    </p>
   </div>
   <div class='ocr_carea' id='block_1_89' title="bbox 1919 4382 3504 4438">
    <p class='ocr_par' dir='ltr' id='par_1_89' title="bbox 1919 4382 3504 4438">
     <span class='ocr_line' id='line_1_89' title="bbox 1919 4382 3504 4438; baseline 0 -1"><span class='ocrx_word' id='word_1_649' title='bbox 1919 4399 2183 4437; x_wconf 84' lang='lat' dir='ltr'><strong>conversa</strong></span> <span class='ocrx_word' id='word_1_650' title='bbox 2234 4399 2388 4438; x_wconf 87' lang='lat' dir='ltr'><strong>mens</strong></span> <span class='ocrx_word' id='word_1_651' title='bbox 2423 4384 2780 4438; x_wconf 78' lang='lat' dir='ltr'><strong>uovenariutn</strong></span> <span class='ocrx_word' id='word_1_652' title='bbox 2818 4382 3162 4438; x_wconf 72' lang='lat' dir='ltr'><strong>aﬂectionum</strong></span> <span class='ocrx_word' id='word_1_653' title='bbox 3199 4383 3254 4436; x_wconf 90' lang='lat' dir='ltr'><strong>in</strong></span> <span class='ocrx_word' id='word_1_654' title='bbox 3303 4392 3504 4437; x_wconf 88' lang='lat' dir='ltr'><strong>terram</strong></span> 
     </span>
    </p>
   </div>
   <div class='ocr_carea' id='block_1_90' title="bbox 1920 4473 3504 4545">
    <p class='ocr_par' dir='ltr' id='par_1_90' title="bbox 1920 4473 3504 4545">
     <span class='ocr_line' id='line_1_90' title="bbox 1920 4473 3504 4545; baseline 0 -17"><span class='ocrx_word' id='word_1_655' title='bbox 1920 4474 2142 4545; x_wconf 79' lang='lat' dir='ltr'><strong>aiiligat,</strong></span> <span class='ocrx_word' id='word_1_656' title='bbox 2175 4485 2231 4529; x_wconf 89' lang='lat' dir='ltr'><strong>et</strong></span> <span class='ocrx_word' id='word_1_657' title='bbox 2273 4474 2500 4529; x_wconf 79' lang='lat' dir='ltr'><strong>electam</strong></span> <span class='ocrx_word' id='word_1_658' title='bbox 2536 4473 2791 4529; x_wconf 75' lang='lat' dir='ltr'><strong>Tt‘indcm</strong></span> <span class='ocrx_word' id='word_1_659' title='bbox 2833 4490 3017 4529; x_wconf 88' lang='lat' dir='ltr'><strong>secum</strong></span> <span class='ocrx_word' id='word_1_660' title='bbox 3053 4485 3321 4540; x_wconf 83' lang='lat' dir='ltr'><strong>assumat,</strong></span> <span class='ocrx_word' id='word_1_661' title='bbox 3362 4490 3504 4528; x_wconf 89' lang='lat' dir='ltr'><strong>nun-</strong></span> 
     </span>
    </p>
   </div>
   <div class='ocr_carea' id='block_1_91' title="bbox 1921 4566 3504 4635">
    <p class='ocr_par' dir='ltr' id='par_1_91' title="bbox 1921 4566 3504 4635">
     <span class='ocr_line' id='line_1_91' title="bbox 1921 4566 3504 4635; baseline 0.001 -15"><span class='ocrx_word' id='word_1_662' title='bbox 1921 4582 2084 4635; x_wconf 77' lang='lat' dir='ltr'><strong>quam</strong></span> <span class='ocrx_word' id='word_1_663' title='bbox 2131 4566 2245 4619; x_wconf 81' lang='lat' dir='ltr'><strong>fore</strong></span> <span class='ocrx_word' id='word_1_664' title='bbox 2268 4575 2321 4619; x_wconf 91' lang='lat' dir='ltr'><strong>ut</strong></span> <span class='ocrx_word' id='word_1_665' title='bbox 2365 4567 2575 4634; x_wconf 86' lang='lat' dir='ltr'><strong>apicem</strong></span> <span class='ocrx_word' id='word_1_666' title='bbox 2636 4582 2777 4621; x_wconf 56' lang='lat' dir='ltr'><strong>verte</strong></span> <span class='ocrx_word' id='word_1_667' title='bbox 2837 4567 3166 4635; x_wconf 79' lang='lat' dir='ltr'><strong>cognitionis</strong></span> <span class='ocrx_word' id='word_1_668' title='bbox 3222 4569 3504 4622; x_wconf 78' lang='lat' dir='ltr'><strong>ascendat.</strong></span> 
     </span>
    </p>
   </div>
   <div class='ocr_carea' id='block_1_92' title="bbox 220 4653 1811 4731">
    <p class='ocr_par' dir='ltr' id='par_1_92' title="bbox 220 4657 1809 4731">
     <span class='ocr_line' id='line_1_92' title="bbox 220 4657 1809 4731; baseline 0.003 -21"><span class='ocrx_word' id='word_1_669' title='bbox 220 4658 505 4726; x_wconf 77' lang='grc' dir='ltr'>γνώσεως.</span> <span class='ocrx_word' id='word_1_670' title='bbox 544 4657 687 4711; x_wconf 81' lang='grc' dir='ltr'><strong>Ἀλλ’</strong></span> <span class='ocrx_word' id='word_1_671' title='bbox 721 4658 795 4723; x_wconf 87' lang='grc' dir='ltr'>ὠς</span> <span class='ocrx_word' id='word_1_672' title='bbox 831 4660 897 4714; x_wconf 83' lang='grc' dir='ltr'>ἂν</span> <span class='ocrx_word' id='word_1_673' title='bbox 948 4660 1023 4731; x_wconf 83' lang='grc' dir='ltr'>μὴ</span> <span class='ocrx_word' id='word_1_674' title='bbox 1076 4660 1144 4713; x_wconf 78' lang='grc' dir='ltr'>δι’</span> <span class='ocrx_word' id='word_1_675' title='bbox 1195 4662 1536 4730; x_wconf 68' lang='grc' dir='ltr'>αἰνιγμάτων</span> <span class='ocrx_word' id='word_1_676' title='bbox 1564 4663 1693 4731; x_wconf 64' lang='grc' dir='ltr'>ἡμῖν</span> <span class='ocrx_word' id='word_1_677' title='bbox 1742 4664 1809 4714; x_wconf 65' lang='grc' dir='ltr'><strong>τὰ</strong></span> 
     </span>
    </p>
   </div>
   <div class='ocr_carea' id='block_1_93' title="bbox 1917 4653 3505 4731">
    <p class='ocr_par' dir='ltr' id='par_1_93' title="bbox 1917 4658 3505 4731">
     <span class='ocr_line' id='line_1_93' title="bbox 1917 4658 3505 4731; baseline 0 -18"><span class='ocrx_word' id='word_1_678' title='bbox 1917 4658 2080 4731; x_wconf 59' lang='grc'><strong>412</strong></span> <span class='ocrx_word' id='word_1_679' title='bbox 2112 4659 2215 4713; x_wconf 86' lang='lat' dir='ltr'><strong>Sed</strong></span> <span class='ocrx_word' id='word_1_680' title='bbox 2241 4675 2306 4713; x_wconf 88' lang='lat' dir='ltr'><strong>ne</strong></span> <span class='ocrx_word' id='word_1_681' title='bbox 2338 4675 2431 4727; x_wconf 88' lang='lat' dir='ltr'><strong>per</strong></span> <span class='ocrx_word' id='word_1_682' title='bbox 2460 4660 2746 4727; x_wconf 48' lang='lat' dir='ltr'><strong>aenigmata</strong></span> <span class='ocrx_word' id='word_1_683' title='bbox 2784 4660 2937 4714; x_wconf 88' lang='lat' dir='ltr'><strong>nobis</strong></span> <span class='ocrx_word' id='word_1_684' title='bbox 2970 4661 3254 4731; x_wconf 64' lang='lat' dir='ltr'><strong>aenigmata</strong></span> <span class='ocrx_word' id='word_1_685' title='bbox 3290 4660 3505 4714; x_wconf 86' lang='lat' dir='ltr'><strong>dissol-</strong></span> 
     </span>
    </p>
   </div>
   <div class='ocr_carea' id='block_1_94' title="bbox 221 4751 1806 4824">
    <p class='ocr_par' dir='ltr' id='par_1_94' title="bbox 221 4751 1806 4824">
     <span class='ocr_line' id='line_1_94' title="bbox 221 4751 1806 4824; baseline 0.004 -23"><span class='ocrx_word' id='word_1_686' title='bbox 221 4752 525 4819; x_wconf 79' lang='grc' dir='ltr'>αἰνίγματα</span> <span class='ocrx_word' id='word_1_687' title='bbox 547 4751 782 4814; x_wconf 78' lang='grc' dir='ltr'>λύοιντο,</span> <span class='ocrx_word' id='word_1_688' title='bbox 817 4754 1154 4821; x_wconf 69' lang='grc' dir='ltr'>σαφέστερον</span> <span class='ocrx_word' id='word_1_689' title='bbox 1182 4755 1273 4805; x_wconf 68' lang='grc' dir='ltr'>τὶν</span> <span class='ocrx_word' id='word_1_690' title='bbox 1289 4755 1446 4821; x_wconf 85' lang='grc' dir='ltr'>λόγον</span> <span class='ocrx_word' id='word_1_691' title='bbox 1482 4756 1806 4824; x_wconf 77' lang='grc' dir='ltr'>ποιήσομαι.</span> 
     </span>
    </p>
   </div>
   <div class='ocr_carea' id='block_1_95' title="bbox 231 4839 1790 4912">
    <p class='ocr_par' dir='ltr' id='par_1_95' title="bbox 231 4839 1790 4912">
     <span class='ocr_line' id='line_1_95' title="bbox 231 4839 1790 4912; baseline 0.001 -20"><span class='ocrx_word' id='word_1_692' title='bbox 231 4839 291 4892; x_wconf 78' lang='grc' dir='ltr'><strong>Ὀ</strong></span> <span class='ocrx_word' id='word_1_693' title='bbox 330 4839 619 4901; x_wconf 84' lang='grc' dir='ltr'>ὲνναδικὺς</span> <span class='ocrx_word' id='word_1_694' title='bbox 652 4841 895 4910; x_wconf 75' lang='grc' dir='ltr'>ἀριθμὸς</span> <span class='ocrx_word' id='word_1_695' title='bbox 924 4843 1200 4910; x_wconf 81' lang='grc' dir='ltr'>περιέχων</span> <span class='ocrx_word' id='word_1_696' title='bbox 1232 4844 1287 4893; x_wconf 74' lang='grc' dir='ltr'><strong>ἐν</strong></span> <span class='ocrx_word' id='word_1_697' title='bbox 1312 4842 1489 4912; x_wconf 75' lang='grc' dir='ltr'>ἑαυτῷ</span> <span class='ocrx_word' id='word_1_698' title='bbox 1514 4842 1584 4895; x_wconf 72' lang='grc' dir='ltr'>τὰ</span> <span class='ocrx_word' id='word_1_699' title='bbox 1626 4848 1790 4895; x_wconf 80' lang='grc' dir='ltr'>πέντε</span> 
     </span>
    </p>
   </div>
   <div class='ocr_carea' id='block_1_96' title="bbox 223 4932 1811 5005">
    <p class='ocr_par' dir='ltr' id='par_1_96' title="bbox 223 4932 1811 5005">
     <span class='ocr_line' id='line_1_96' title="bbox 223 4932 1811 5005; baseline 0.002 -20"><span class='ocrx_word' id='word_1_700' title='bbox 223 4934 315 4986; x_wconf 73' lang='grc' dir='ltr'><strong>καὶ</strong></span> <span class='ocrx_word' id='word_1_701' title='bbox 354 4932 615 5001; x_wconf 79' lang='grc' dir='ltr'>τέτταρα,</span> <span class='ocrx_word' id='word_1_702' title='bbox 652 4934 911 5002; x_wconf 73' lang='grc' dir='ltr'>σημαίνει</span> <span class='ocrx_word' id='word_1_703' title='bbox 934 4932 1021 4985; x_wconf 80' lang='grc' dir='ltr'>διὰ</span> <span class='ocrx_word' id='word_1_704' title='bbox 1056 4934 1153 5001; x_wconf 81' lang='grc' dir='ltr'><strong>μὲν</strong></span> <span class='ocrx_word' id='word_1_705' title='bbox 1188 4936 1285 5002; x_wconf 76' lang='grc' dir='ltr'>τῆς</span> <span class='ocrx_word' id='word_1_706' title='bbox 1312 4934 1572 4997; x_wconf 63' lang='grc' dir='ltr'>πεντάδος</span> <span class='ocrx_word' id='word_1_707' title='bbox 1602 4934 1700 5005; x_wconf 81' lang='grc' dir='ltr'><strong>τὴν</strong></span> <span class='ocrx_word' id='word_1_708' title='bbox 1726 4936 1811 4988; x_wconf 72' lang='lat' dir='ltr'><strong>ai-</strong></span> 
     </span>
    </p>
   </div>
   <div class='ocr_carea' id='block_1_97' title="bbox 225 5023 1813 5094">
    <p class='ocr_par' dir='ltr' id='par_1_97' title="bbox 225 5023 1813 5094">
     <span class='ocr_line' id='line_1_97' title="bbox 225 5023 1813 5094; baseline 0.001 -18"><span class='ocrx_word' id='word_1_709' title='bbox 225 5024 441 5093; x_wconf 83' lang='grc' dir='ltr'>σθησιν,</span> <span class='ocrx_word' id='word_1_710' title='bbox 485 5023 575 5076; x_wconf 74' lang='grc' dir='ltr'><strong>διὰ</strong></span> <span class='ocrx_word' id='word_1_711' title='bbox 614 5024 672 5076; x_wconf 77' lang='grc' dir='ltr'><strong>δὲ</strong></span> <span class='ocrx_word' id='word_1_712' title='bbox 709 5023 811 5092; x_wconf 80' lang='grc' dir='ltr'><strong>τῆς</strong></span> <span class='ocrx_word' id='word_1_713' title='bbox 865 5025 1120 5094; x_wconf 76' lang='grc' dir='ltr'>τετράδος</span> <span class='ocrx_word' id='word_1_714' title='bbox 1155 5023 1253 5091; x_wconf 75' lang='grc' dir='ltr'>τὴν</span> <span class='ocrx_word' id='word_1_715' title='bbox 1294 5024 1389 5077; x_wconf 79' lang='grc' dir='ltr'>τοῦ</span> <span class='ocrx_word' id='word_1_716' title='bbox 1438 5023 1690 5094; x_wconf 83' lang='grc' dir='ltr'>σώματος</span> <span class='ocrx_word' id='word_1_717' title='bbox 1724 5042 1813 5077; x_wconf 88' lang='grc' dir='ltr'>τε-</span> 
     </span>
    </p>
   </div>
   <div class='ocr_carea' id='block_1_98' title="bbox 222 5115 1811 5186">
    <p class='ocr_par' dir='ltr' id='par_1_98' title="bbox 222 5115 1811 5186">
     <span class='ocr_line' id='line_1_98' title="bbox 222 5115 1811 5186; baseline 0.001 -19"><span class='ocrx_word' id='word_1_718' title='bbox 222 5118 548 5184; x_wconf 73' lang='grc' dir='ltr'>τραστοιχον</span> <span class='ocrx_word' id='word_1_719' title='bbox 576 5116 903 5186; x_wconf 87' lang='grc' dir='ltr'>σύγκρασιν.</span> <span class='ocrx_word' id='word_1_720' title='bbox 941 5117 1111 5169; x_wconf 85' lang='grc' dir='ltr'>Ὅταν</span> <span class='ocrx_word' id='word_1_721' title='bbox 1141 5115 1235 5168; x_wconf 76' lang='grc' dir='ltr'><strong>οὖν</strong></span> <span class='ocrx_word' id='word_1_722' title='bbox 1273 5116 1396 5179; x_wconf 81' lang='grc' dir='ltr'>νοῦς</span> <span class='ocrx_word' id='word_1_723' title='bbox 1428 5115 1535 5169; x_wconf 85' lang='grc' dir='ltr'><strong>τῶν</strong></span> <span class='ocrx_word' id='word_1_724' title='bbox 1564 5133 1811 5184; x_wconf 86' lang='grc' dir='ltr'>σωματι-</span> 
     </span>
    </p>
   </div>
   <div class='ocr_carea' id='block_1_99' title="bbox 223 5205 1810 5277">
    <p class='ocr_par' dir='ltr' id='par_1_99' title="bbox 223 5205 1810 5277">
     <span class='ocr_line' id='line_1_99' title="bbox 223 5205 1810 5277; baseline 0 -18"><span class='ocrx_word' id='word_1_725' title='bbox 223 5209 334 5259; x_wconf 88' lang='grc' dir='ltr'><strong>κῶν</strong></span> <span class='ocrx_word' id='word_1_726' title='bbox 373 5208 678 5276; x_wconf 83' lang='grc' dir='ltr'>ὑπέρτερος</span> <span class='ocrx_word' id='word_1_727' title='bbox 716 5205 964 5274; x_wconf 79' lang='grc' dir='ltr'>γένηται,</span> <span class='ocrx_word' id='word_1_728' title='bbox 1003 5206 1143 5259; x_wconf 81' lang='grc' dir='ltr'>ὥστε</span> <span class='ocrx_word' id='word_1_729' title='bbox 1181 5208 1255 5277; x_wconf 84' lang='grc' dir='ltr'>μὴ</span> <span class='ocrx_word' id='word_1_730' title='bbox 1285 5208 1810 5277; x_wconf 87' lang='grc' dir='ltr'>ἁντιστρατεύεσθαι</span> 
     </span>
    </p>
   </div>
   <div class='ocr_carea' id='block_1_100' title="bbox 226 5299 1805 5369">
    <p class='ocr_par' dir='ltr' id='par_1_100' title="bbox 226 5299 1805 5369">
     <span class='ocr_line' id='line_1_100' title="bbox 226 5299 1805 5369; baseline -0.001 -16"><span class='ocrx_word' id='word_1_731' title='bbox 226 5302 341 5353; x_wconf 87' lang='grc' dir='ltr'>κατ’</span> <span class='ocrx_word' id='word_1_732' title='bbox 373 5299 543 5353; x_wconf 72' lang='grc' dir='ltr'>αὐτοῦ</span> <span class='ocrx_word' id='word_1_733' title='bbox 564 5300 657 5353; x_wconf 77' lang='grc' dir='ltr'><strong>τὸν</strong></span> <span class='ocrx_word' id='word_1_734' title='bbox 689 5299 852 5369; x_wconf 84' lang='grc' dir='ltr'>νόμον</span> <span class='ocrx_word' id='word_1_735' title='bbox 876 5301 974 5368; x_wconf 85' lang='grc' dir='ltr'>τῆς</span> <span class='ocrx_word' id='word_1_736' title='bbox 1010 5301 1233 5369; x_wconf 74' lang='grc' dir='ltr'>σαρκὸς.</span> <span class='ocrx_word' id='word_1_737' title='bbox 1276 5299 1409 5367; x_wconf 76' lang='grc' dir='ltr'>μηδὲ</span> <span class='ocrx_word' id='word_1_738' title='bbox 1448 5299 1552 5351; x_wconf 63' lang='grc' dir='ltr'>ὑπὸ</span> <span class='ocrx_word' id='word_1_739' title='bbox 1579 5299 1685 5351; x_wconf 88' lang='grc' dir='ltr'><strong>τῶν</strong></span> <span class='ocrx_word' id='word_1_740' title='bbox 1717 5301 1805 5352; x_wconf 90' lang='grc' dir='ltr'><strong>αἰ-</strong></span> 
     </span>
    </p>
   </div>
   <div class='ocr_carea' id='block_1_101' title="bbox 144 5389 1805 5461">
    <p class='ocr_par' dir='ltr' id='par_1_101' title="bbox 144 5389 1805 5461">
     <span class='ocr_line' id='line_1_101' title="bbox 144 5389 1805 5461; baseline -0.001 -16"><span class='ocrx_word' id='word_1_741' title='bbox 144 5442 149 5445; x_wconf 91' lang='lat'><strong>.</strong></span> <span class='ocrx_word' id='word_1_742' title='bbox 227 5389 470 5461; x_wconf 75' lang='grc' dir='ltr'>τθήσεων</span> <span class='ocrx_word' id='word_1_743' title='bbox 501 5392 558 5442; x_wconf 80' lang='grc' dir='ltr'>ὲν</span> <span class='ocrx_word' id='word_1_744' title='bbox 584 5393 651 5460; x_wconf 77' lang='grc' dir='ltr'>τῇ</span> <span class='ocrx_word' id='word_1_745' title='bbox 683 5392 793 5443; x_wconf 63' lang='lat' dir='ltr'><strong>linit</strong></span> <span class='ocrx_word' id='word_1_746' title='bbox 825 5390 926 5456; x_wconf 72' lang='grc' dir='ltr'>τῆς</span> <span class='ocrx_word' id='word_1_747' title='bbox 947 5392 1225 5461; x_wconf 82' lang='grc' dir='ltr'>ἁμαρτίας</span> <span class='ocrx_word' id='word_1_748' title='bbox 1257 5391 1664 5460; x_wconf 66' lang='grc' dir='ltr'>συμφύρεσθαι,</span> <span class='ocrx_word' id='word_1_749' title='bbox 1684 5391 1805 5444; x_wconf 71' lang='grc' dir='ltr'>τότε</span> 
     </span>
    </p>
   </div>
   <div class='ocr_carea' id='block_1_102' title="bbox 292 5539 1243 5606">
    <p class='ocr_par' dir='ltr' id='par_1_102' title="bbox 292 5539 1243 5606">
     <span class='ocr_line' id='line_1_102' title="bbox 292 5539 1243 5606; baseline 0.001 -12"><span class='ocrx_word' id='word_1_750' title='bbox 292 5541 340 5572; x_wconf 71' lang='grc'>⁸⁸</span> <span class='ocrx_word' id='word_1_751' title='bbox 380 5539 557 5596; x_wconf 76' lang='lat' dir='ltr'><strong>Exod.</strong></span> <span class='ocrx_word' id='word_1_752' title='bbox 598 5556 670 5606; x_wconf 88' lang='lat' dir='ltr'><strong>tv,</strong></span> <span class='ocrx_word' id='word_1_753' title='bbox 706 5542 801 5595; x_wconf 73' lang='lat'><strong>22.</strong></span> <span class='ocrx_word' id='word_1_754' title='bbox 876 5540 924 5573; x_wconf 77' lang='lat'><strong>&quot;</strong></span> <span class='ocrx_word' id='word_1_755' title='bbox 962 5541 1067 5596; x_wconf 84' lang='lat' dir='ltr'><strong>lsa.</strong></span> <span class='ocrx_word' id='word_1_756' title='bbox 1107 5558 1145 5603; x_wconf 81' lang='grc' dir='ltr'>ι,</span> <span class='ocrx_word' id='word_1_757' title='bbox 1189 5542 1243 5595; x_wconf 71' lang='lat'><strong>2.</strong></span> 
     </span>
    </p>
   </div>
   <div class='ocr_carea' id='block_1_103' title="bbox 1361 5540 1899 5606">
    <p class='ocr_par' dir='ltr' id='par_1_103' title="bbox 1361 5540 1899 5606">
     <span class='ocr_line' id='line_1_103' title="bbox 1361 5540 1899 5606; baseline 0.006 -14"><span class='ocrx_word' id='word_1_758' title='bbox 1361 5541 1409 5571; x_wconf 78' lang='lat'><strong>“</strong></span> <span class='ocrx_word' id='word_1_759' title='bbox 1451 5540 1619 5597; x_wconf 74' lang='lat' dir='ltr'><strong>Exod.</strong></span> <span class='ocrx_word' id='word_1_760' title='bbox 1659 5558 1773 5606; x_wconf 73' lang='lat' dir='ltr'><strong>XIX,</strong></span> <span class='ocrx_word' id='word_1_761' title='bbox 1812 5542 1899 5596; x_wconf 73' lang='lat'><strong>12.</strong></span> 
     </span>
    </p>
   </div>
   <div class='ocr_carea' id='block_1_104' title="bbox 1922 4750 3502 4820">
    <p class='ocr_par' dir='ltr' id='par_1_104' title="bbox 1922 4750 3502 4820">
     <span class='ocr_line' id='line_1_104' title="bbox 1922 4750 3502 4820; baseline 0.001 -17"><span class='ocrx_word' id='word_1_762' title='bbox 1922 4763 2137 4813; x_wconf 85' lang='lat' dir='ltr'><strong>vantur,</strong></span> <span class='ocrx_word' id='word_1_763' title='bbox 2170 4752 2344 4804; x_wconf 89' lang='lat' dir='ltr'><strong>dicam</strong></span> <span class='ocrx_word' id='word_1_764' title='bbox 2374 4753 2637 4817; x_wconf 82' lang='lat' dir='ltr'><strong>apertius.</strong></span> <span class='ocrx_word' id='word_1_765' title='bbox 2671 4750 3004 4807; x_wconf 85' lang='lat' dir='ltr'><strong>Novenarius</strong></span> <span class='ocrx_word' id='word_1_766' title='bbox 3032 4766 3314 4817; x_wconf 88' lang='lat' dir='ltr'><strong>numerus,</strong></span> <span class='ocrx_word' id='word_1_767' title='bbox 3340 4753 3502 4820; x_wconf 86' lang='lat' dir='ltr'><strong>quin-</strong></span> 
     </span>
    </p>
   </div>
   <div class='ocr_carea' id='block_1_105' title="bbox 1917 4841 3502 4913">
    <p class='ocr_par' dir='ltr' id='par_1_105' title="bbox 1917 4841 3502 4913">
     <span class='ocr_line' id='line_1_105' title="bbox 1917 4841 3502 4913; baseline 0.001 -18"><span class='ocrx_word' id='word_1_768' title='bbox 1917 4857 2025 4911; x_wconf 87' lang='lat' dir='ltr'><strong>que</strong></span> <span class='ocrx_word' id='word_1_769' title='bbox 2044 4853 2098 4895; x_wconf 88' lang='lat' dir='ltr'><strong>et</strong></span> <span class='ocrx_word' id='word_1_770' title='bbox 2126 4852 2361 4911; x_wconf 88' lang='lat' dir='ltr'><strong>quatuor</strong></span> <span class='ocrx_word' id='word_1_771' title='bbox 2392 4841 2447 4894; x_wconf 90' lang='lat' dir='ltr'><strong>in</strong></span> <span class='ocrx_word' id='word_1_772' title='bbox 2473 4858 2531 4896; x_wconf 84' lang='lat' dir='ltr'><strong>se</strong></span> <span class='ocrx_word' id='word_1_773' title='bbox 2553 4843 2858 4907; x_wconf 83' lang='lat' dir='ltr'><strong>continens,</strong></span> <span class='ocrx_word' id='word_1_774' title='bbox 2882 4857 2978 4910; x_wconf 85' lang='lat' dir='ltr'><strong>per</strong></span> <span class='ocrx_word' id='word_1_775' title='bbox 3002 4843 3307 4911; x_wconf 89' lang='lat' dir='ltr'><strong>quinarium</strong></span> <span class='ocrx_word' id='word_1_776' title='bbox 3336 4843 3502 4913; x_wconf 84' lang='lat' dir='ltr'><strong>signi-</strong></span> 
     </span>
    </p>
   </div>
   <div class='ocr_carea' id='block_1_106' title="bbox 1920 4934 3503 5003">
    <p class='ocr_par' dir='ltr' id='par_1_106' title="bbox 1920 4934 3503 5003">
     <span class='ocr_line' id='line_1_106' title="bbox 1920 4934 3503 5003; baseline 0.001 -16"><span class='ocrx_word' id='word_1_777' title='bbox 1920 4934 2044 4989; x_wconf 84' lang='lat' dir='ltr'><strong>[icat</strong></span> <span class='ocrx_word' id='word_1_778' title='bbox 2082 4950 2323 4997; x_wconf 81' lang='lat' dir='ltr'><strong>sensum,</strong></span> <span class='ocrx_word' id='word_1_779' title='bbox 2357 4949 2453 5003; x_wconf 83' lang='lat' dir='ltr'><strong>per</strong></span> <span class='ocrx_word' id='word_1_780' title='bbox 2487 4934 2902 5002; x_wconf 86' lang='lat' dir='ltr'><strong>quaternarium</strong></span> <span class='ocrx_word' id='word_1_781' title='bbox 2934 4949 3061 4989; x_wconf 83' lang='lat' dir='ltr'><strong>vero</strong></span> <span class='ocrx_word' id='word_1_782' title='bbox 3084 4935 3325 5003; x_wconf 88' lang='lat' dir='ltr'><strong>corporis</strong></span> <span class='ocrx_word' id='word_1_783' title='bbox 3354 4950 3503 4990; x_wconf 81' lang='lat' dir='ltr'><strong>com-</strong></span> 
     </span>
    </p>
   </div>
   <div class='ocr_carea' id='block_1_107' title="bbox 1917 5024 3499 5095">
    <p class='ocr_par' dir='ltr' id='par_1_107' title="bbox 1917 5024 3499 5095">
     <span class='ocr_line' id='line_1_107' title="bbox 1917 5024 3499 5095; baseline 0.001 -15"><span class='ocrx_word' id='word_1_784' title='bbox 1917 5027 2241 5095; x_wconf 85' lang='lat' dir='ltr'><strong>positionem</strong></span> <span class='ocrx_word' id='word_1_785' title='bbox 2295 5040 2363 5079; x_wconf 70' lang='lat' dir='ltr'><strong>e:</strong></span> <span class='ocrx_word' id='word_1_786' title='bbox 2415 5038 2651 5095; x_wconf 87' lang='lat' dir='ltr'><strong>quatuor</strong></span> <span class='ocrx_word' id='word_1_787' title='bbox 2708 5026 2994 5079; x_wconf 84' lang='lat' dir='ltr'><strong>conﬂatam</strong></span> <span class='ocrx_word' id='word_1_788' title='bbox 3034 5027 3336 5081; x_wconf 89' lang='lat' dir='ltr'><strong>elementis.</strong></span> <span class='ocrx_word' id='word_1_789' title='bbox 3397 5024 3499 5081; x_wconf 88' lang='lat' dir='ltr'><strong>Ubi</strong></span> 
     </span>
    </p>
   </div>
   <div class='ocr_carea' id='block_1_108' title="bbox 1918 5113 3498 5183">
    <p class='ocr_par' dir='ltr' id='par_1_108' title="bbox 1918 5113 3498 5183">
     <span class='ocr_line' id='line_1_108' title="bbox 1918 5113 3498 5183; baseline 0.001 -18"><span class='ocrx_word' id='word_1_790' title='bbox 1918 5114 2081 5181; x_wconf 87' lang='lat' dir='ltr'><strong>igitur</strong></span> <span class='ocrx_word' id='word_1_791' title='bbox 2115 5113 2279 5167; x_wconf 87' lang='lat' dir='ltr'><strong>rebus</strong></span> <span class='ocrx_word' id='word_1_792' title='bbox 2308 5113 2686 5182; x_wconf 84' lang='lat' dir='ltr'><strong>corporalibus</strong></span> <span class='ocrx_word' id='word_1_793' title='bbox 2735 5116 2988 5183; x_wconf 88' lang='lat' dir='ltr'><strong>superior</strong></span> <span class='ocrx_word' id='word_1_794' title='bbox 3034 5132 3187 5169; x_wconf 82' lang='lat' dir='ltr'><strong>utens</strong></span> <span class='ocrx_word' id='word_1_795' title='bbox 3239 5118 3498 5179; x_wconf 83' lang='lat' dir='ltr'><strong>evaserit,</strong></span> 
     </span>
    </p>
   </div>
   <div class='ocr_carea' id='block_1_109' title="bbox 1914 5204 3499 5277">
    <p class='ocr_par' dir='ltr' id='par_1_109' title="bbox 1914 5204 3499 5277">
     <span class='ocr_line' id='line_1_109' title="bbox 1914 5204 3499 5277; baseline 0.002 -19"><span class='ocrx_word' id='word_1_796' title='bbox 1914 5205 1991 5258; x_wconf 88' lang='lat' dir='ltr'><strong>ita</strong></span> <span class='ocrx_word' id='word_1_797' title='bbox 2019 5214 2078 5257; x_wconf 91' lang='lat' dir='ltr'><strong>ut</strong></span> <span class='ocrx_word' id='word_1_798' title='bbox 2115 5214 2301 5258; x_wconf 90' lang='lat' dir='ltr'><strong>contra</strong></span> <span class='ocrx_word' id='word_1_799' title='bbox 2352 5204 2499 5258; x_wconf 88' lang='lat' dir='ltr'><strong>illam</strong></span> <span class='ocrx_word' id='word_1_800' title='bbox 2551 5205 2635 5259; x_wconf 78' lang='lat' dir='ltr'><strong>lex</strong></span> <span class='ocrx_word' id='word_1_801' title='bbox 2670 5208 2852 5259; x_wconf 85' lang='lat' dir='ltr'><strong>carnis</strong></span> <span class='ocrx_word' id='word_1_802' title='bbox 2902 5222 3005 5259; x_wconf 92' lang='lat' dir='ltr'><strong>non</strong></span> <span class='ocrx_word' id='word_1_803' title='bbox 3043 5207 3290 5276; x_wconf 80' lang='lat' dir='ltr'><strong>rebellet,</strong></span> <span class='ocrx_word' id='word_1_804' title='bbox 3323 5222 3499 5277; x_wconf 83' lang='lat' dir='ltr'><strong>neque</strong></span> 
     </span>
    </p>
   </div>
   <div class='ocr_carea' id='block_1_110' title="bbox 1914 5297 3495 5367">
    <p class='ocr_par' dir='ltr' id='par_1_110' title="bbox 1914 5297 3495 5367">
     <span class='ocr_line' id='line_1_110' title="bbox 1914 5297 3495 5367; baseline -0.001 -14"><span class='ocrx_word' id='word_1_805' title='bbox 1914 5313 2012 5367; x_wconf 88' lang='lat' dir='ltr'><strong>per</strong></span> <span class='ocrx_word' id='word_1_806' title='bbox 2031 5313 2222 5353; x_wconf 84' lang='lat' dir='ltr'><strong>sensus</strong></span> <span class='ocrx_word' id='word_1_807' title='bbox 2246 5297 2298 5349; x_wconf 91' lang='lat' dir='ltr'><strong>in</strong></span> <span class='ocrx_word' id='word_1_808' title='bbox 2323 5307 2673 5365; x_wconf 81' lang='lat' dir='ltr'><strong>peccatorum</strong></span> <span class='ocrx_word' id='word_1_809' title='bbox 2702 5313 2860 5353; x_wconf 71' lang='lat' dir='ltr'><strong>emno</strong></span> <span class='ocrx_word' id='word_1_810' title='bbox 2882 5299 3171 5366; x_wconf 87' lang='lat' dir='ltr'><strong>volutetur,</strong></span> <span class='ocrx_word' id='word_1_811' title='bbox 3196 5308 3322 5354; x_wconf 89' lang='lat' dir='ltr'><strong>tunc</strong></span> <span class='ocrx_word' id='word_1_812' title='bbox 3344 5314 3495 5363; x_wconf 85' lang='lat' dir='ltr'><strong>sane,</strong></span> 
     </span>
    </p>
   </div>
   <div class='ocr_carea' id='block_1_111' title="bbox 1916 5388 3498 5458">
    <p class='ocr_par' dir='ltr' id='par_1_111' title="bbox 1916 5388 3498 5458">
     <span class='ocr_line' id='line_1_111' title="bbox 1916 5388 3498 5458; baseline 0.002 -15"><span class='ocrx_word' id='word_1_813' title='bbox 1916 5404 2044 5445; x_wconf 86' lang='lat' dir='ltr'><strong>tunc</strong></span> <span class='ocrx_word' id='word_1_814' title='bbox 2079 5388 2410 5458; x_wconf 80' lang='lat' dir='ltr'><strong>tripartitam</strong></span> <span class='ocrx_word' id='word_1_815' title='bbox 2447 5391 2641 5444; x_wconf 70' lang='lat' dir='ltr'><strong>anima:</strong></span> <span class='ocrx_word' id='word_1_816' title='bbox 2667 5390 2982 5447; x_wconf 77' lang='lat' dir='ltr'><strong>facultatem</strong></span> <span class='ocrx_word' id='word_1_817' title='bbox 3019 5392 3230 5446; x_wconf 82' lang='lat' dir='ltr'><strong>illarum</strong></span> <span class='ocrx_word' id='word_1_818' title='bbox 3258 5394 3375 5448; x_wconf 84' lang='lat' dir='ltr'><strong>vice</strong></span> <span class='ocrx_word' id='word_1_819' title='bbox 3404 5409 3498 5446; x_wconf 86' lang='lat' dir='ltr'><strong>as-</strong></span> 
     </span>
    </p>
   </div>
   <div class='ocr_carea' id='block_1_112' title="bbox 1459 5663 2255 5726">
    <p class='ocr_par' dir='ltr' id='par_1_112' title="bbox 1459 5663 2255 5726">
     <span class='ocr_line' id='line_1_112' title="bbox 1459 5663 2255 5726; baseline -0.001 -1"><span class='ocrx_word' id='word_1_820' title='bbox 1459 5663 1783 5725; x_wconf 82' lang='lat' dir='ltr'><strong>Francisci</strong></span> <span class='ocrx_word' id='word_1_821' title='bbox 1823 5663 2035 5726; x_wconf 85' lang='lat' dir='ltr'><strong>Scorsi</strong></span> <span class='ocrx_word' id='word_1_822' title='bbox 2067 5671 2255 5725; x_wconf 61' lang='lat' dir='ltr'><strong>nota}.</strong></span> 
     </span>
    </p>
   </div>
   <div class='ocr_carea' id='block_1_113' title="bbox 296 5761 1805 5830">
    <p class='ocr_par' dir='ltr' id='par_1_113' title="bbox 296 5761 1805 5830">
     <span class='ocr_line' id='line_1_113' title="bbox 296 5761 1805 5830; baseline 0 -14"><span class='ocrx_word' id='word_1_823' title='bbox 296 5762 411 5830; x_wconf 71' lang='lat'><strong>(72)</strong></span> <span class='ocrx_word' id='word_1_824' title='bbox 456 5761 520 5815; x_wconf 84' lang='lat' dir='ltr'><strong>In</strong></span> <span class='ocrx_word' id='word_1_825' title='bbox 540 5779 642 5829; x_wconf 78' lang='lat' dir='ltr'><strong>quo</strong></span> <span class='ocrx_word' id='word_1_826' title='bbox 670 5764 795 5818; x_wconf 79' lang='lat' dir='ltr'><strong>bene</strong></span> <span class='ocrx_word' id='word_1_827' title='bbox 816 5764 1132 5828; x_wconf 80' lang='lat' dir='ltr'><strong>complacui.</strong></span> <span class='ocrx_word' id='word_1_828' title='bbox 1160 5765 1310 5818; x_wconf 88' lang='lat' dir='ltr'><strong>Hauc</strong></span> <span class='ocrx_word' id='word_1_829' title='bbox 1337 5780 1521 5817; x_wconf 82' lang='lat' dir='ltr'><strong>vocem</strong></span> <span class='ocrx_word' id='word_1_830' title='bbox 1560 5765 1805 5828; x_wconf 83' lang='grc' dir='ltr'>εὐδοκία,</span> 
     </span>
    </p>
   </div>
   <div class='ocr_carea' id='block_1_114' title="bbox 228 5833 1808 5905">
    <p class='ocr_par' dir='ltr' id='par_1_114' title="bbox 228 5833 1808 5905">
     <span class='ocr_line' id='line_1_114' title="bbox 228 5833 1808 5905; baseline 0.001 -18"><span class='ocrx_word' id='word_1_831' title='bbox 228 5849 277 5888; x_wconf 78' lang='lat' dir='ltr'><strong>et</strong></span> <span class='ocrx_word' id='word_1_832' title='bbox 312 5833 548 5887; x_wconf 77' lang='grc' dir='ltr'>εὐδοκέω</span> <span class='ocrx_word' id='word_1_833' title='bbox 591 5835 719 5903; x_wconf 88' lang='lat' dir='ltr'><strong>quid</strong></span> <span class='ocrx_word' id='word_1_834' title='bbox 759 5836 977 5905; x_wconf 83' lang='lat' dir='ltr'><strong>preprie</strong></span> <span class='ocrx_word' id='word_1_835' title='bbox 1029 5838 1136 5891; x_wconf 88' lang='lat' dir='ltr'><strong>sint</strong></span> <span class='ocrx_word' id='word_1_836' title='bbox 1186 5836 1422 5903; x_wconf 76' lang='lat' dir='ltr'><strong>explicat</strong></span> <span class='ocrx_word' id='word_1_837' title='bbox 1480 5846 1671 5891; x_wconf 88' lang='lat' dir='ltr'><strong>auctor</strong></span> <span class='ocrx_word' id='word_1_838' title='bbox 1720 5837 1808 5890; x_wconf 80' lang='lat' dir='ltr'><strong>hic</strong></span> 
     </span>
    </p>
   </div>
   <div class='ocr_carea' id='block_1_115' title="bbox 1917 5754 3490 5819">
    <p class='ocr_par' dir='ltr' id='par_1_115' title="bbox 1917 5754 3490 5819">
     <span class='ocr_line' id='line_1_115' title="bbox 1917 5754 3490 5819; baseline -0.009 0"><span class='ocrx_word' id='word_1_839' title='bbox 1917 5765 2057 5819; x_wconf 70' lang='lat' dir='ltr'><strong>idem</strong></span> <span class='ocrx_word' id='word_1_840' title='bbox 2102 5765 2168 5817; x_wconf 86' lang='lat' dir='ltr'><strong>ad</strong></span> <span class='ocrx_word' id='word_1_841' title='bbox 2200 5766 2345 5817; x_wconf 84' lang='lat' dir='ltr'><strong>hom.</strong></span> <span class='ocrx_word' id='word_1_842' title='bbox 2382 5761 2473 5814; x_wconf 63' lang='lat'><strong>48.</strong></span> <span class='ocrx_word' id='word_1_843' title='bbox 2518 5761 2647 5814; x_wconf 85' lang='lat' dir='ltr'><strong>Vide</strong></span> <span class='ocrx_word' id='word_1_844' title='bbox 2681 5758 2844 5811; x_wconf 85' lang='lat' dir='ltr'><strong>etiam</strong></span> <span class='ocrx_word' id='word_1_845' title='bbox 2878 5765 2987 5810; x_wconf 88' lang='lat' dir='ltr'><strong>not.</strong></span> <span class='ocrx_word' id='word_1_846' title='bbox 3019 5754 3108 5818; x_wconf 70' lang='grc'><strong>48,</strong></span> <span class='ocrx_word' id='word_1_847' title='bbox 3147 5754 3215 5807; x_wconf 86' lang='lat' dir='ltr'><strong>ad</strong></span> <span class='ocrx_word' id='word_1_848' title='bbox 3243 5754 3490 5808; x_wconf 81' lang='lat' dir='ltr'><strong>eamdem</strong></span> 
     </span>
    </p>
   </div>
   <div class='ocr_carea' id='block_1_116' title="bbox 1920 5831 2759 5900">
    <p class='ocr_par' dir='ltr' id='par_1_116' title="bbox 1920 5831 2759 5900">
     <span class='ocr_line' id='line_1_116' title="bbox 1920 5831 2759 5900; baseline -0.008 -11"><span class='ocrx_word' id='word_1_849' title='bbox 1920 5836 2007 5889; x_wconf 83' lang='lat' dir='ltr'><strong>ubi</strong></span> <span class='ocrx_word' id='word_1_850' title='bbox 2053 5852 2113 5889; x_wconf 78' lang='lat' dir='ltr'><strong>ea</strong></span> <span class='ocrx_word' id='word_1_851' title='bbox 2150 5847 2249 5888; x_wconf 84' lang='lat' dir='ltr'><strong>nos</strong></span> <span class='ocrx_word' id='word_1_852' title='bbox 2295 5831 2759 5900; x_wconf 73' lang='lat' dir='ltr'><strong>loettpletatitnus.</strong></span> 
     </span>
    </p>
   </div>
  </div>
