4168 6456
179 406 316 466 1049
1560 404 1750 465 ΗΟΜΙ

1855 405 1892 466 Α
1934 413 2052 476 LX.
3300 411 3438 475 1050

175 520 522 588 ὲναρμῦνιον.
569 520 731 573 Ἀλλὰ
765 519 813 573 τί
846 520 1036 586 πάθως
1086 518 1227 589 Ἐγὼ
1265 520 1372 590 μὴν
1404 520 1614 589 κινήσω
1656 519 1750 587 τὴν

1859 526 2114 582 stiuetum
2150 529 2369 584 chordis
2408 530 2854 593 instrumentum,
2902 535 2954 582 et
2980 525 3046 580 ad
3086 540 3302 579 suavem
3334 528 3437 581 ali-

173 612 426 676 γλῶτταν
461 614 691 684 ταύτην,
714 614 812 683 τὴν
848 614 1091 683 άγλευκῆ
1121 630 1178 666 τε
1218 614 1313 665 καλ⁸
1340 614 1603 678 ἄμουσον,
1632 613 1664 681 ἡ
1696 612 1753 665 δὲ

174 702 268 753 τοῦ
296 702 480 771 Λόγου
516 707 697 773 μήτηρ
732 704 989 775 ῥυθμίσει
1026 703 1117 756 τὸν
1151 704 1309 773 λόγον
1352 704 1484 774 πρδς
1520 704 1617 774 τὴν
1646 704 1754 756 τῶν

171 794 484 848 ἀκουόντων
510 796 800 865 ὠφέλειαν.

242 1058 335 1129 Τῷ
365 1061 545 1131 καιρῷ
586 1061 783 1134 ἐκείνῳ
818 1081 837 1115 ι
868 1063 1180 1132 Εἱσῆλθενδ
1210 1061 1418 1132 Ἰησοῦς
1449 1065 1528 1127 εἰς
1557 1061 1752 1133 κώμην

164 1155 289 1206 τινά
310 1171 322 1184 ·
346 1154 483 1226 γυνὴ
498 1156 553 1207 δὲ
582 1174 666 1219 τις
693 1156 917 1217 ὀνόματι
940 1156 1141 1226 Μάρθα
1170 1156 1465 1220 ὑπεδέξατο
1488 1157 1651 1209 αὐτὸν
1675 1159 1753 1219 είς

166 1249 259 1299 τδν
288 1244 438 1301 οἷκον
468 1251 657 1319 αὐτῆς.
692 1271 710 1303 ι
748 1249 943 1305 Ἦνίκα
972 1252 1071 1321 τὴν
1100 1252 1415 1323 ύπὲρὴμῶν
1439 1253 1751 1319 οἰκονομίαν

167 1338 410 1409 ἐπλήρου
445 1344 472 1392 ὁ
501 1341 568 1393 δι’
595 1342 742 1409 ἡμᾶς
773 1343 972 1405 ὑποδὺς
1002 1344 1061 1395 τὸ
1090 1343 1384 1413 ἡμέτερον,
1419 1346 1528 1397 ἵετο
1557 1344 1649 1396 καὶ
1671 1344 1748 1409 είς

169 1431 467 1497 Βηθανίαν.
500 1434 598 1502 τῆς
632 1434 825 1487 ἑαυτοῦ
850 1436 1007 1503 δόξης
1048 1435 1352 1506 πληρώσων
1371 1437 1543 1505 αὑτήν
1571 1452 1583 1464 ’
1608 1436 1747 1505 αῦτη

165 1521 279 1591 γὰρ
323 1524 356 1592 ή
402 1522 565 1592 κώμη
599 1526 770 1589 ἐστὶν,
822 1521 889 1596 ἧς
934 1530 1033 1582 τὴν
1085 1528 1280 1596 κλῆσιν
1324 1528 1679 1596 παρέδραμεν
1721 1528 1749 1580 ὁ

166 1616 566 1687 εὖαγγελιστὴς
584 1618 1019 1687 ἀμνημόνευτον,
1048 1619 1443 1683 ὲξεταστικωτέ
1454 1637 1581 1690 ρους
1602 1621 1749 1689 ημᾶς

168 1710 399 1778 ποιῆσαι
432 1710 774 1781 βουλόμενος.
826 1712 1045 1782 Ἐπειδὴ
1078 1712 1187 1783 γὰρ
1218 1712 1456 1782 Βηθανία
1486 1708 1633 1774 οἶκος
1664 1712 1748 1764 δό-

167 1803 265 1869 ξης
297 1802 687 1872 ἑρμηνεύεται,
726 1804 837 1857 ἔδει
867 1806 962 1857 καὶ
992 1806 1163 1873 αὐτὴν
1199 1805 1299 1857 οὐκ
1334 1805 1563 1874 ἄμοιρον
1592 1804 1748 1872 γενέ-

1863 639 2024 691 qnam
2056 625 2489 693 eoncinnamque
2517 624 2843 678 cantilenam
2875 619 3292 675 emodulandam
3328 620 3430 671 im-

1860 714 2115 783 pellatur.
2141 714 2246 769 Sed
2272 714 2397 783 quid
2424 729 2522 778 ego
2547 716 2631 768 hic
2657 713 2892 766 faciant?
2917 711 3171 780 Equidem
3200 711 3433 776 linguam

1861 805 1999 858 hanc
2032 804 2307 860 insuavem
2343 807 2684 873 ineptamque
2734 808 2996 869 movebo;
3040 813 3289 856 caeterum
3315 816 3433 857 ser-

1860 908 2072 949 mOnem
2102 896 2169 949 ad
2205 896 2533 951 audientium
2570 895 2853 949 utilitatem
2886 893 3046 949 Verbi
3083 893 3251 948 Mater
3283 910 3431 949 emo-

1856 988 2149 1042 dulabitur.

1930 1079 1986 1132 In
2022 1079 2111 1133 illo
2137 1088 2382 1144 tempore
2421 1100 2439 1131 ι
2473 1078 2755 1149 Ingressus
2800 1088 2885 1133 est
2930 1077 3086 1132 Jesus
3140 1078 3193 1131 in
3255 1076 3428 1145 quod-

1855 1171 1976 1223 dazn
2008 1170 2327 1236 castellum;
2358 1179 2410 1224 et
2443 1172 2638 1226 mulier
2670 1170 2915 1240 qmedam
2966 1170 3169 1223 Martha
3214 1171 3431 1224 nomine

1854 1258 2067 1327 excepit
2092 1274 2214 1311 eum
2250 1260 2299 1312 in
2334 1260 2546 1313 domum
2595 1275 2750 1314 suam
2792 1259 2856 1312 δ’.
2894 1278 2911 1310 ι
2949 1258 3066 1325 Quo
3097 1268 3335 1326 tempore
3366 1272 3428 1312 ea

1853 1366 1973 1420 qme
2018 1352 2082 1403 ad
2134 1352 2363 1405 salutem
2411 1361 2648 1405 nostram
2690 1359 2846 1406 erant
2885 1350 3142 1417 disposita
3188 1349 3299 1411 ille,
3339 1347 3426 1414 qui

1853 1453 2071 1512 propter
2124 1458 2246 1506 nos,
2293 1443 2434 1511 quod
2482 1450 2722 1495 nostrum
2774 1441 3188 1509 exsequebatur,
3236 1437 3433 1491 Betha-

1854 1534 1995 1587 niam
2025 1536 2187 1589 etiam
2226 1535 2409 1588 adibat
2438 1543 2494 1587 ut
2530 1548 2625 1589 sua
2656 1549 2775 1588 eam
2808 1534 2975 1603 gloria
3014 1531 3295 1599 impleret;
3328 1531 3429 1583 hoc

1851 1627 2122 1693 siquidem
2155 1627 2283 1681 illud
2321 1628 2603 1681 castellum
2636 1637 2720 1680 est
2749 1626 2903 1694 cujus
2937 1641 3129 1679 nomen
3164 1623 3426 1678 indictum

1854 1719 2196 1788 Evangelista
2220 1719 2507 1786 pra-teriit;
2552 1728 2609 1770 ut
2642 1732 2738 1771 nos
2774 1719 2838 1770 ad
2873 1715 3299 1781 investigandum
3334 1728 3426 1765 so-

1854 1811 2103 1867 lertiores
2134 1812 2390 1865 ellireret.
2428 1809 2691 1876 Quoniam
2722 1810 2865 1862 enim
2897 1807 3213 1862 Bethaniam
3248 1804 3428 1872 gloria:

166 1892 292 1945 σθαι
316 1870 600 1962 τῆςήθείας
618 1896 797 1966 δόξης.
823 1896 939 1965 Τῆς
968 1898 1024 1949 δὲ
1062 1870 1171 1951 τιῦν
1199 1870 1505 1969 ἀνθρώπων
1529 1870 1743 1965 φύσεως

1855 1907 2061 1957 domum
2093 1904 2205 1976 (76)
2240 1870 2676 1972 interprEtamur,
2713 1916 2884 1970 neque
2933 1915 3051 1955 eam
3086 1870 3281 1952 divina:
3310 1895 3426 1965 glo-

165 1986 245 2048 είς
270 1986 365 2039 δύο
404 1987 533 2059 γένη
576 1988 942 2059 διῃρημένης,
976 1992 1055 2054 είς
1085 1991 1254 2063 ἄρρεν
1289 1991 1432 2058 λέγω
1459 1991 1552 2045 καὶ
1584 1991 1741 2059 θῆλυ,

166 2077 357 2148 ἐπειδὴ
387 2080 445 2131 ὲν
471 2078 694 2149 Χριστῷ
731 2080 905 2151 Ἰησοῦ
933 2084 1032 2133 οὐκ
1060 2081 1208 2134 ἔστιν
1245 2082 1415 2153 ἄρρεν
1452 2082 1547 2135 καὶ
1580 2082 1741 2152 θῆλυ,

165 2170 307 2221 κατὰ
342 2171 435 2222 τὸν
473 2172 824 2237 Ἀπόστολον,
855 2172 944 2225 διὰ
982 2174 1141 2227 τοῦτο
1181 2175 1306 2227 οὐδὲ
1340 2177 1401 2227 τὸ
1431 2178 1745 2242 γυναικεῖον

166 2261 339 2327 φῦλον
395 2263 500 2328 ἔξω
533 2264 633 2334 τῆς
681 2265 957 2335 σωτηρίας
994 2266 1493 2337 καταλιμπάνεται.
1545 2268 1746 2337 ’Ἄμφω

166 2354 297 2420 γάρ,
334 2354 429 2406 καὶ
462 2355 597 2423 γυνὴ
624 2358 718 2410 καὶ
748 2356 911 2426 ἀνὴρ,
942 2359 1042 2425 τῆς
1071 2359 1293 2429 ἐντολῆς
1328 2358 1742 2416 ὲκπεπτώκασι.

164 2446 489 2514 Ξεναγείται
532 2449 827 2517 τοιγαροῦν
872 2450 979 2504 ὑπὸ
1030 2451 1259 2520 Μάρθας
1303 2455 1331 2507 ὁ
1366 2452 1589 2523 Κύριος,
1622 2455 1744 2523 ἦτις

165 2538 257 2591 τοῦ
290 2539 547 2609 Λαζάρου
583 2540 919 2609 γνωρίζεται
965 2541 1253 2612 σύναιμος.
1296 2544 1435 2595 Ἀλλ’
1465 2543 1604 2612 αῦτη
1648 2545 1746 2614 μὲν

170 2636 506 2703 ςωματικῶς
564 2639 906 2707 ἐπειγομένη
956 2638 1294 2707 θεραπεῦσαι
1370 2639 1464 2693 τὸν
1518 2638 1742 2707 Κύριον,

171 2746 189 2777 ι
224 2729 591 2797 Περιεσπᾶτο,
615 2730 770 2799 φησι,
792 2730 921 2799 περὶ
950 2731 1151 2798 πολλὴν
1178 2729 1488 2784 διακονίαν
1514 2751 1533 2782 ο
1570 2731 1601 2801 ἡ
1628 2731 1746 2783 σύν-

165 2838 329 2888 αιμος
362 2819 441 2883 δὲ,
478 2820 573 2873 ἅτε
604 2820 680 2890 τῷ
731 2822 833 2886 τῆς
874 2822 1231 2887 διδασκαλίας
1266 2824 1553 2893 ἀγκίστρῳ
1585 2821 1742 2894 ἐξηρ-

168 2914 407 2985 τημένη,
441 2916 537 2967 καὶ
572 2915 667 2967 τοῦ
696 2915 844 2968 θείου
878 2916 1041 2983 λόγον
1072 2917 1357 2986 κατάκρας
1391 2917 1617 2981 ἁλοῦσα,
1651 2916 1748 2969 καὶ

166 3007 227 3057 τι)
256 3004 429 3072 γλυκῦ
457 3005 608 3073 βέλος
623 3006 719 3070 τῆς
738 3006 948 3058 ἐκείνου
977 3008 1195 3077 ἀγάπης
1219 3006 1512 3076 δεδεγμένη
1537 3010 1715 3079 ἑγκάρ
1733 3038 1745 3050 -

168 3095 302 3155 διον.
355 3096 453 3149 καὶ
494 3095 589 3147 τοῦ
623 3096 763 3165 ὑπὲρ
804 3097 962 3166 ἡμῶν
995 3097 1393 3160 ὲκκενωθέντος
1431 3098 1608 3169 μύρου
1646 3100 1747 3170 τῆς

169 3188 322 3251 θείας
350 3188 653 3253 αἰσθομένη
682 3189 881 3258 ὀσμῆς,
913 3190 1007 3258 ὅλη
1044 3190 1142 3258 τῆς
1168 3190 1483 3261 ἀκροάσεως
1514 3192 1742 3259 γίνεται,
1776 3231 1817 3289 C

173 3282 461 3350 μονςνουχὶ
480 3280 551 3333 τά
576 3281 669 3333 τοῦ
697 3282 975 3351 ’ᾼσματος
1004 3282 1239 3349 λέγουσα
1258 3300 1273 3314 ·
1301 3284 1423 3345 «Εἰς
1444 3283 1621 3354 ὀσμὴν
1640 3284 1747 3354 μύ-

174 3393 268 3445 pou
320 3391 418 3427 σου
464 3374 720 3445 ἔδραμον,
758 3376 839 3427 ὅτι
888 3375 1206 3444 τετρωμένη
1241 3375 1339 3445 τῆς
1385 3376 1482 3444 σῆς
1525 3377 1748 3447 ἀγάπης

173 3469 308 3539 εἰμί.
339 3487 358 3520 ι
396 3468 632 3536 Ἔμελλε
666 3470 721 3521 δὲ
748 3470 843 3520 καὶ
888 3468 1029 3536 αῦτη
1076 3468 1274 3537 μικρὸν
1304 3468 1530 3539 ὔστερον
1575 3469 1748 3539 μύρον

175 3564 319 3634 αὐτῷ
349 3564 673 3634 προσάγειν,
712 3564 977 3632 πρότερον
1007 3562 1105 3628 μὲν
1139 3562 1547 3632 τυπικὼτερον,
1588 3562 1749 3616 ὓστε-

177 3676 263 3727 ρον
290 3658 350 3710 δὲ
382 3658 479 3709 καὶ
524 3657 721 3724 ἑαυτὴν
754 3657 883 3722 ὃλην
915 3657 1178 3725 άναθῆναι
1230 3657 1368 3728 Θεῷ.
1419 3658 1749 3723 Βουλόμενος

174 3748 225 3799 δὲ
258 3750 285 3800 ὁ
319 3748 482 3815 λόγος
512 3748 574 3799 τὸ
622 3748 746 3816 περὶ
788 3747 889 3814 τῆς
922 3745 1277 3809 διῖασκαλίας
1318 3749 1491 3818 αὐτῆς
1526 3750 1750 3804 ἁδίστα-

175 3860 299 3893 nov
348 3842 651 3905 ὑποδεῖξαι,
691 3842 1165 3911 παρακαθημένην
1213 3841 1387 3911 αὐτὴν
1435 3842 1513 3913 τῷ
1560 3843 1750 3915 Κυρίῳ

177 3935 490 4005 παρέστησε
517 3950 531 3964 ’
562 3936 698 4003 φησὶ
730 3936 834 4003 γάρ
867 3951 880 3964 ·

250 4129 269 4162 ι
304 4108 419 4163 Καὶ
467 4110 597 4178 τῇδε
643 4105 711 4178 ἦν
760 4108 965 4179 ἀδελφὴ
1012 4109 1322 4178 καλουμένη
1371 4110 1582 4181 Μαρία,
1629 4111 1752 4181 ἥτις

179 4202 608 4273 παρακαθίσασα
643 4202 794 4270 παρὰ
840 4204 965 4264 τοὺς
1013 4202 1179 4264 πόδας
1208 4201 1302 4254 τοῦ
1350 4202 1548 4271 Ἰησοῦ,
1586 4204 1752 4273 ήκουε

177 4297 264 4346 τὴν
302 4294 465 4361 λόγον
525 4292 718 4345 αὑτοῦ.
745 4311 765 4345 ι
806 4292 879 4345 Τὸ
914 4293 1112 4359 πάγιον
1150 4295 1313 4346 οἱονεὶ
1348 4295 1627 4364 σημαίνων
1658 4297 1753 4349 καὶ

179 4389 435 4438 ἄσειστον
463 4400 480 4417 ·
508 4383 846 4454 λαμϐάνεται
872 4384 979 4453 γὰρ
1004 4385 1061 4436 ὲν
1092 4387 1156 4453 τῇ
1192 4384 1312 4455 θείᾳ
1342 4385 1533 4456 Γραφῇ
1574 4386 1635 4439 τὸ
1656 4388 1753 4457 τῆς

178 4477 451 4545 καθέδρας
489 4476 661 4543 ὄνομα
690 4475 1098 4553 παραστατικὸν
1126 4476 1225 4544 τῆς
1256 4478 1313 4527 ὲν
1351 4476 1428 4545 τῷ
1464 4478 1754 4547 πράγματι

1855 1997 1947 2050 ria:
1992 2007 2265 2059 expertem
2315 2009 2435 2048 esse
2486 1994 2792 2059 Oportebat.
2840 1991 2978 2047 Cum
3027 2007 3153 2045 vero
3201 1991 3251 2044 in
3292 1990 3428 2043 duos

1853 2102 2016 2142 sexus
2052 2087 2285 2142 hominis
2315 2087 2386 2141 sit
2415 2084 2829 2159 divisanatura,
2856 2085 2907 2137 in
2933 2097 3159 2144 marem,
3183 2083 3425 2148 inquam,

1854 2189 1908 2234 et
1944 2179 2239 2243 feminam;
2280 2180 2535 2247 quoniam
2583 2178 2636 2231 itt
2689 2176 2907 2231 Christo
2946 2175 3071 2230 Jesn
3109 2189 3280 2243 neque
3311 2188 3428 2227 mas

1850 2281 1928 2326 est
1963 2272 2075 2341 (77)
2111 2285 2287 2340 neque
2312 2269 2535 2333 femina,
2564 2278 2623 2322 ut
2656 2268 2945 2337 Apostolus
2976 2270 3046 2320 ait
3076 2267 3141 2331 ",
3178 2268 3301 2321 ideo
3336 2284 3433 2321 ne-

1852 2380 1959 2434 que
1997 2363 2285 2418 femineum
2320 2376 2492 2431 genus
2519 2360 2824 2416 excluditur
2852 2375 2880 2412 a
2917 2360 3113 2413 salute.
3147 2360 3317 2412 Ambo
3351 2356 3430 2411 si-

1854 2456 2098 2527 quidem,
2123 2456 2203 2508 vir
2229 2465 2280 2509 et
2304 2454 2515 2518 mulier,
2552 2461 2877 2522 praeceptum
2917 2450 3251 2519 praevaricati
3278 2458 3426 2502 sunt.

1856 2546 2025 2617 Igitur
2057 2545 2297 2613 hospitio
2325 2544 2596 2608 excipitur
2645 2544 2903 2597 Dominus
2952 2558 2981 2595 a
3030 2544 3257 2604 Martha,
3310 2555 3431 2611 qua!

1850 2641 2065 2710 quidem
2091 2638 2279 2692 Lazari
2302 2650 2457 2690 soror
2483 2651 2603 2691 esse
2624 2635 2948 2690 declaratur.
2974 2634 3166 2687 Verum
3196 2648 3279 2698 ea,
3306 2648 3428 2688 cum

1852 2733 1906 2787 in
1945 2733 2107 2785 rebus
2147 2732 2213 2784 ad
2265 2744 2464 2799 corpus
2505 2728 2868 2797 spectantibus
2904 2725 3153 2780 fatunlari
3203 2725 3430 2780 Domino

1852 2825 2166 2889 festinaret,
2199 2840 2227 2874 ι’
2249 2822 2547 2892 satagebat,
2599 2820 2791 2888 inquit,
2839 2821 2980 2872 circa
3030 2818 3282 2883 frequens
3330 2816 3430 2870 tui-

1853 2918 2169 2983 nisterium;
2225 2933 2246 2967 ι
2283 2930 2441 2970 soror
2490 2928 2638 2976 vero,
2666 2922 2722 2965 ut
2754 2927 2871 2979 qua:
2898 2913 2966 2965 ah
2991 2912 3150 2964 hamo
3172 2910 3430 2963 doctrina:

1855 3011 2136 3079 penderet,
2174 3017 2229 3061 et
2254 3007 2437 3061 divino
2471 3020 2721 3062 sermone
2756 3005 2970 3073 penitus
2999 3011 3152 3071 capta
3179 3009 3345 3064 esset,
3377 3009 3432 3053 et

1853 3103 2007 3158 dulce
2051 3101 2336 3157 charitatis
2371 3100 2539 3171 ipsius
2587 3100 2638 3153 in
2688 3098 2866 3152 medio
2914 3106 3128 3164 pectore
3165 3093 3429 3160 spiculum

1853 3195 2178 3263 excepisset,
2229 3204 2282 3247 et
2330 3191 2588 3263 unguenti
2638 3191 2779 3243 illius
2828 3204 2923 3255 pro
2958 3187 3113 3241 nobis
3167 3184 3431 3241 exinaniti
3526 3256 3529 3257 ν

1850 3287 2091 3341 divinum
2137 3285 2364 3339 sentiret
2397 3284 2641 3346 odorem,
2675 3283 2725 3335 in
2762 3280 3115 3335 auscultando
3152 3292 3258 3335 tota
3291 3293 3428 3343 erat,

1850 3378 2010 3431 modo
2069 3392 2173 3431 non
2224 3376 2351 3429 illud
2395 3373 2605 3429 Cantiei
2659 3388 2928 3440 usurpans
2973 3388 2989 3427 :
3031 3391 3050 3425 ι
3095 3371 3152 3425 In
3207 3373 3427 3427 odorem

1851 3466 2110 3534 unguenti
2165 3467 2239 3519 tui
2287 3466 2538 3531 cucurri;
2605 3465 2859 3534 quoniam
2916 3465 3100 3519 saucia
3142 3480 3258 3518 sum
3294 3464 3427 3519 cha-

1852 3560 2013 3613 ritate
2057 3569 2144 3612 tua
2178 3558 2245 3612 ".
2279 3576 2298 3610 ι
2352 3557 2417 3612 Et
2458 3572 2588 3612 sane
2632 3558 2745 3626 ipsa
2785 3559 2943 3611 etiam
2978 3556 3133 3625 paulo
3161 3566 3283 3626 post
3311 3565 3431 3610 erat

1853 3663 2188 3717 unguentum
2246 3652 2323 3705 illi
2382 3652 2626 3705 ablatura
2674 3666 2688 3704 :
2744 3660 2798 3705 et
2843 3652 2991 3719 prius
3039 3649 3251 3717 quidem
3300 3649 3427 3702 illud

1855 3744 2115 3814 typicum,
2141 3754 2261 3810 post
2289 3744 2449 3796 etiam
2475 3752 2645 3797 semet
2673 3752 2835 3797 telam
2862 3741 3087 3795 Domino
3110 3753 3429 3793 consecrare

1852 3835 2105 3889 debebat.
2160 3836 2292 3891 Cum
2326 3845 2506 3889 autem
2544 3834 2855 3888 ﬁrmitatem
2893 3833 3087 3886 montis
3124 3832 3241 3900 ejus
3280 3832 3424 3884 circa

1852 3927 2152 3981 doctrinam
2199 3926 2504 3997 signiﬁcare
2556 3926 2711 3979 vellet
2768 3924 3147 3994 Evangelista,
3205 3923 3429 3978 Domino

1852 4034 1972 4073 eam
2008 4020 2329 4073 assidentem
2361 4018 2640 4083 exhibuit;
2674 4018 2746 4071 ait
2776 4018 2917 4071 enim
2946 4036 2960 4073 :

1931 4127 1949 4161 ι
1986 4110 2045 4163 Ει
2094 4109 2218 4163 huic
2264 4119 2383 4162 erat
2426 4123 2578 4162 soror
2613 4108 2828 4162 nomine
2874 4108 3063 4174 Maria,
3098 4123 3218 4179 qum
3266 4108 3428 4158 etiam

1854 4206 2047 4259 sedens
2092 4219 2251 4258 secus
2299 4201 2465 4273 414
2517 4201 2680 4271 pedes
2731 4198 2857 4255 Jesu
2910 4203 3163 4256 audiebat
3205 4200 3429 4254 verbum

1858 4295 2023 4349 illius.
2075 4313 2093 4345 ι
2136 4294 2549 4348 Firmitudinem
2586 4291 2792 4346 scilicet
2838 4294 3308 4361 constantiamque
3356 4290 3434 4344 si-

1856 4403 2047 4458 gnans.
2095 4386 2150 4440 In
2198 4387 2370 4441 sacris
2407 4385 2551 4442 enim
2604 4385 2823 4440 Litteris
2856 4384 3122 4438 stabilitas
3167 4386 3222 4437 in
3254 4384 3434 4451 aliquo

1859 4481 2073 4549 negotio
2108 4480 2223 4548 (78)
2254 4480 2399 4535 sedis
2423 4481 2641 4533 nomine
2675 4478 2971 4532 indicatur.
3005 4476 3135 4530 Nam
3166 4488 3220 4531 et
3252 4476 3435 4530 Domi-

183 4570 568 4639 μονιμότητος.
604 4568 677 4620 Τὸ
700 4567 809 4638 γὰρ
834 4568 929 4619 καὶ
968 4568 1130 4619 αὑτὸν
1172 4567 1262 4619 τὸν
1305 4568 1507 4634 Κύριον
1533 4568 1750 4621 καθίσαι

1860 4592 1985 4629 num
2043 4575 2233 4628 sedi-re
2287 4576 2336 4626 in
2371 4574 2591 4627 dextera
2644 4572 2816 4626 Patris
2861 4570 3107 4624 stabilem
3158 4570 3208 4621 iu
3255 4569 3433 4622 divina

180 4664 233 4713 ὲν
258 4662 411 4731 δεξιᾷ
446 4660 543 4712 τοῦ
583 4660 794 4730 Πατρὸς
842 4658 936 4728 τὴν
1002 4661 1058 4711 ὲν
1086 4662 1151 4728 τῇ
1183 4658 1301 4729 θείᾳ
1325 4658 1451 4729 δέξῃ
1493 4660 1753 4729 σημαίνει

183 4754 453 4822 σταθερὰν
508 4752 870 4820 μονιμότητα.
918 4751 1048 4802 Ἰδοι
1117 4751 1173 4803 δέ
1221 4768 1305 4813 τις
1352 4752 1619 4823 καθέδραν
1660 4756 1755 4807 καὶ

178 4847 274 4914 τὴν
309 4848 368 4897 ὲν
402 4844 482 4913 τῷ
524 4842 679 4909 κακῷ
704 4844 975 4911 ὲμμονήν.
1015 4844 1087 4894 Τὸ
1125 4842 1255 4911 γὰρ,
1286 4861 1304 4893 ι
1351 4844 1473 4895 Ἐπί¹
1516 4845 1755 4915 καθέδρᾳ

180 4938 380 5006 λοιμῶν
413 4937 514 4988 οὐκ
560 4936 838 4994 ἐκάθισεν.
865 4953 885 4987 ι
920 4935 1211 5005 εἰρημένον
1258 4935 1395 5005 πρὸς
1434 4936 1528 4988 τοῦ
1566 4937 1751 5003 Δαϐὶδ,

180 5030 237 5081 οὐ
265 5027 476 5095 ταύτην
524 5026 781 5095 σημαίνει
832 5026 918 5092 ἐφ’
948 5020 1015 5095 ἧς
1056 5027 1115 5077 τὸ
1150 5026 1309 5091 σῶμα
1335 5025 1751 5091 διαναπαύεται,

180 5118 312 5171 ἀλλά
336 5119 440 5182 τὴν
473 5118 734 5185 ἐπίμονον
758 5118 816 5168 ἐν
846 5118 911 5185 τῇ
955 5116 1137 5185 κρίσει
1163 5117 1260 5185 τῆς
1305 5115 1503 5178 κακίας
1530 5117 1752 5186 διατρι-

182 5210 299 5279 Silv.
334 5209 407 5279 ἣν
442 5209 569 5269 τοὺς
602 5209 875 5275 φυγόντας
900 5211 926 5259 ὁ
958 5208 1168 5277 ψαλμδς
1196 5210 1555 5279 ἐμακάρισεν.
1594 5210 1703 5263 Καὶ
1728 5211 1755 5263 ὁ

186 5300 437 5369 βατιλεὺς
466 5300 678 5365 Νινευῒ,
725 5300 1177 5369 διδαχθεὶς·παρὰ
1203 5300 1297 5352 τοῦ
1334 5303 1618 5369 προφήτου
1654 5302 1755 5371 τῆς

270 5463 315 5493 δ’
358 5462 492 5517 Luc.
521 5478 577 5523 x.
615 5462 686 5517 38
717 5476 869 5531 seqq.

948 5461 992 5493 "
1028 5461 1206 5516 Galat.
1243 5476 1327 5526 ttt,
1360 5461 1449 5516 28.
1528 5462 1574 5495 δ’
1613 5462 1771 5517 Cant.
1814 5479 1853 5528 ι,
1900 5463 1953 5518 5.

1862 4666 2029 4734 gloria
2062 4666 2325 4735 sigwiticat
2367 4664 2696 4718 ﬁrmitatem.
2736 4663 2873 4730 Quin
2906 4670 2958 4714 et
3003 4661 3055 4713 in
3086 4660 3226 4713 malo
3263 4659 3435 4713 obsti-

1865 4766 2043 4808 natum
2080 4755 2316 4807 animum
2364 4754 2513 4807 sedis
2556 4753 2769 4805 nomine
2812 4751 2983 4804 notari
3019 4751 3285 4817 quispiam
3320 4749 3435 4801 ani-

1865 4844 2231 4897 madverterit.
2267 4842 2418 4907 Quod
2450 4843 2594 4895 enim
2626 4857 2653 4894 a
2690 4841 2891 4895 Davide
2922 4843 3119 4894 dictum
3146 4849 3229 4893 est
3264 4855 3277 4891 :
3319 4857 3338 4890 ι
3371 4839 3436 4893 Et

1862 4938 1914 4991 in
1961 4937 2217 4991 cathedra
2275 4935 2594 5004 pestilentiae
2648 4950 2754 4987 non
2802 4935 2941 4988 sedit
2988 4933 3057 4995 ³⁵,
3120 4950 3138 4984 ι
3171 4948 3275 4985 ιιυιι
3318 4946 3434 4985 eam

1859 5028 2128 5093 signiticat
2156 5028 2360 5091 sedem,
2396 5029 2446 5079 in
2482 5041 2587 5094 quo
2620 5026 2911 5094 requiescit
2940 5040 3157 5092 corpus,
3190 5023 3283 5076 sed
3321 5037 3435 5090 per-

1864 5118 2091 5170 tinacem
2127 5116 2177 5169 itt
2212 5115 2337 5168 mali
2370 5116 2637 5171 electione
2671 5115 3128 5185 pertttansionettt,
3156 5128 3315 5180 quam
3342 5112 3432 5181 qui

1862 5211 2130 5276 fugerent,
2167 5208 2351 5261 beatos
2377 5208 2631 5275 praedicat
2666 5206 2922 5268 Psalmus,
2942 5206 3011 5259 ⁵¹.
3041 5204 3157 5259 1am
3190 5218 3318 5258 vero
3341 5216 3431 5255 rex

1861 5304 2050 5358 Ninive
2083 5303 2151 5355 de
2186 5302 2333 5356 urbis
2362 5300 2573 5355 excidio
2603 5316 2629 5351 a
2663 5300 2926 5368 propheta
2963 5298 3185 5352 edoctus
3220 5310 3251 5350 e
3308 5293 3435 5349 sede

2030 5463 2075 5494 ⁸⁸
2128 5461 2267 5515 Psal.
2320 5478 2356 5527 ι,
2393 5461 2444 5517 1.
2520 5460 2563 5493 ⁵¹
2601 5459 2731 5515 ibid.

1418 5590 1746 5654 Francisci
1783 5592 1989 5653 Scorsi
2026 5598 2209 5653 notae.

262 5716 376 5783 (76)
421 5715 731 5770 Bethaniam
756 5715 938 5786 q.’orite
959 5718 1193 5770 domum.
1218 5715 1291 5769 De
1312 5715 1415 5769 hac
1439 5714 1761 5786 etymolotgia

194 5788 426 5845 diximus
463 5792 529 5839 ad
575 5790 719 5842 hom.
755 5803 881 5849 xxv,
922 5797 1035 5845 not.
1078 5786 1163 5839 78.

264 5858 375 5927 (77)
418 5856 595 5928 Neque
629 5874 740 5912 mas
769 5867 864 5910 est.
895 5856 1095 5911 Desunt
1138 5858 1247 5910 haec
1279 5858 1328 5911 in
1359 5857 1419 5911 C.
1448 5856 1505 5909 l‘.
1542 5856 1761 5923 Ἐπειδὴ

1872 5716 1930 5766 ὲν
1984 5713 2205 5784 Χριστῷ
2276 5714 2450 5784 Ἰησοῦ
2483 5716 2582 5769 οὐκ
2618 5713 2764 5767 ἐστιν
2796 5714 2966 5783 sese:
3006 5713 3100 5784 καὶ
3134 5710 3287 5779 θῆλυ.

1985 5731 2024 5767 λ
2072 5731 2205 5782 ιστῳ
2295 5731 2450 5784 ιησου
2483 5732 2582 5769 ουκ
2618 5731 2764 5767 εστιν
2796 5731 2966 5783 αρρεν
3006 5731 3100 5763 και
3134 5731 3287 5779 unm.

1942 5731 2067 5852 (Ἡὶῖ³
2096 5783 2373 5838 Stobi/itas
2422 5787 2472 5839 iu
2528 5786 2708 5855 aliqua
2751 5784 2976 5854 negotio.
3014 5781 3144 5835 Vide
3180 5785 3317 5836 dicta
3365 5781 3432 5835 ad

1874 5855 2019 5911 hom.
2055 5872 2179 5920 xxx,
2219 5866 2330 5910 not.
2360 5856 2415 5911 ι).
