  <div class='ocr_page' id='page_1' title='image "/cluster/home/n/w/nwhite01/storage/ocr_20150623/132/nnc1.0046979662/543.png"; bbox 0 0 4168 6456; ppageno 0'>
   <div class='ocr_carea' id='block_1_1' title="bbox 764 403 894 468">
    <p class='ocr_par' dir='ltr' id='par_1_1' title="bbox 764 403 894 468">
     <span class='ocr_line' id='line_1_1' title="bbox 764 403 894 468; baseline -0.015 0"><span class='ocrx_word' id='word_1_1' title='bbox 764 403 894 468; x_wconf 82' lang='lat'>1067</span> 
     </span>
    </p>
   </div>
   <div class='ocr_carea' id='block_1_2' title="bbox 1965 387 2846 453">
    <p class='ocr_par' dir='ltr' id='par_1_2' title="bbox 1965 387 2846 453">
     <span class='ocr_line' id='line_1_2' title="bbox 1965 387 2846 453; baseline -0.008 0"><span class='ocrx_word' id='word_1_2' title='bbox 1965 388 2464 453; x_wconf 66' lang='lat' dir='ltr'>THEOPIIANIS</span> <span class='ocrx_word' id='word_1_3' title='bbox 2505 387 2846 446; x_wconf 55' lang='lat' dir='ltr'>CERXMEI</span> 
     </span>
    </p>
   </div>
   <div class='ocr_carea' id='block_1_3' title="bbox 3886 393 4017 454">
    <p class='ocr_par' dir='ltr' id='par_1_3' title="bbox 3886 393 4017 454">
     <span class='ocr_line' id='line_1_3' title="bbox 3886 393 4017 454; baseline 0.015 -2"><span class='ocrx_word' id='word_1_4' title='bbox 3886 393 4017 454; x_wconf 70' lang='lat'>1063</span> 
     </span>
    </p>
   </div>
   <div class='ocr_carea' id='block_1_4' title="bbox 759 496 2361 576">
    <p class='ocr_par' dir='ltr' id='par_1_4' title="bbox 759 501 2348 576">
     <span class='ocr_line' id='line_1_4' title="bbox 759 501 2348 576; baseline -0.012 -8"><span class='ocrx_word' id='word_1_5' title='bbox 759 512 1045 576; x_wconf 82' lang='lat' dir='ltr'>Herodias,</span> <span class='ocrx_word' id='word_1_6' title='bbox 1073 524 1138 564; x_wconf 91' lang='lat' dir='ltr'>ne</span> <span class='ocrx_word' id='word_1_7' title='bbox 1170 523 1289 563; x_wconf 89' lang='lat' dir='ltr'>cum</span> <span class='ocrx_word' id='word_1_8' title='bbox 1326 520 1389 561; x_wconf 75' lang='lat' dir='ltr'>ex</span> <span class='ocrx_word' id='word_1_9' title='bbox 1430 506 1558 559; x_wconf 87' lang='lat' dir='ltr'>vino</span> <span class='ocrx_word' id='word_1_10' title='bbox 1606 501 1993 567; x_wconf 87' lang='lat' dir='ltr'>dcferbuissel,</span> <span class='ocrx_word' id='word_1_11' title='bbox 2022 502 2223 556; x_wconf 83' lang='lat' dir='ltr'>donum</span> <span class='ocrx_word' id='word_1_12' title='bbox 2261 515 2348 552; x_wconf 84' lang='lat' dir='ltr'>re-</span> 
     </span>
    </p>
   </div>
   <div class='ocr_carea' id='block_1_5' title="bbox 2462 496 4021 576">
    <p class='ocr_par' dir='ltr' id='par_1_5' title="bbox 2462 496 4021 567">
     <span class='ocr_line' id='line_1_5' title="bbox 2462 496 4021 567; baseline 0.004 -18"><span class='ocrx_word' id='word_1_13' title='bbox 2462 496 2583 566; x_wconf 74' lang='grc' dir='ltr'>γάρ,</span> <span class='ocrx_word' id='word_1_14' title='bbox 2613 498 2770 566; x_wconf 72' lang='grc' dir='ltr'>φησι,</span> <span class='ocrx_word' id='word_1_15' title='bbox 2797 497 2885 549; x_wconf 77' lang='grc' dir='ltr'>διὰ</span> <span class='ocrx_word' id='word_1_16' title='bbox 2918 496 2975 550; x_wconf 81' lang='grc' dir='ltr'>δὲ</span> <span class='ocrx_word' id='word_1_17' title='bbox 3004 497 3129 559; x_wconf 81' lang='grc' dir='ltr'>τοὺς</span> <span class='ocrx_word' id='word_1_18' title='bbox 3163 498 3363 567; x_wconf 82' lang='grc' dir='ltr'>ὅρκους</span> <span class='ocrx_word' id='word_1_19' title='bbox 3419 499 3512 549; x_wconf 74' lang='grc' dir='ltr'>καὶ</span> <span class='ocrx_word' id='word_1_20' title='bbox 3543 498 3670 562; x_wconf 70' lang='grc' dir='ltr'>τοὺς</span> <span class='ocrx_word' id='word_1_21' title='bbox 3702 514 4021 556; x_wconf 83' lang='grc' dir='ltr'>συνανακει-</span> 
     </span>
    </p>
   </div>
   <div class='ocr_carea' id='block_1_6' title="bbox 759 590 2343 663">
    <p class='ocr_par' dir='ltr' id='par_1_6' title="bbox 759 590 2343 663">
     <span class='ocr_line' id='line_1_6' title="bbox 759 590 2343 663; baseline -0.011 -3"><span class='ocrx_word' id='word_1_22' title='bbox 759 614 977 661; x_wconf 88' lang='lat' dir='ltr'>cusaret</span> <span class='ocrx_word' id='word_1_23' title='bbox 1015 603 1276 658; x_wconf 87' lang='lat' dir='ltr'>llerodes.</span> <span class='ocrx_word' id='word_1_24' title='bbox 1318 600 1408 655; x_wconf 89' lang='lat' dir='ltr'>Ille</span> <span class='ocrx_word' id='word_1_25' title='bbox 1439 615 1601 663; x_wconf 87' lang='lat' dir='ltr'>vero,</span> <span class='ocrx_word' id='word_1_26' title='bbox 1654 597 1775 651; x_wconf 78' lang='lat' dir='ltr'>vide</span> <span class='ocrx_word' id='word_1_27' title='bbox 1818 596 2051 649; x_wconf 90' lang='lat' dir='ltr'>animam</span> <span class='ocrx_word' id='word_1_28' title='bbox 2083 590 2343 660; x_wconf 88' lang='lat' dir='ltr'>jumentis</span> 
     </span>
    </p>
   </div>
   <div class='ocr_carea' id='block_1_7' title="bbox 761 688 2343 771">
    <p class='ocr_par' dir='ltr' id='par_1_7' title="bbox 761 688 2343 771">
     <span class='ocr_line' id='line_1_7' title="bbox 761 688 2343 771; baseline -0.014 -14"><span class='ocrx_word' id='word_1_29' title='bbox 761 702 1139 771; x_wconf 71' lang='lat' dir='ltr'>insipientibus</span> <span class='ocrx_word' id='word_1_30' title='bbox 1186 698 1541 753; x_wconf 83' lang='lat' dir='ltr'>assimilalam</span> <span class='ocrx_word' id='word_1_31' title='bbox 1594 693 1639 723; x_wconf 78' lang='lat'><strong>“</strong></span> <span class='ocrx_word' id='word_1_32' title='bbox 1685 714 1697 748; x_wconf 92' lang='lat'>:</span> <span class='ocrx_word' id='word_1_33' title='bbox 1761 710 1777 743; x_wconf 79' lang='grc' dir='ltr'>ι</span> <span class='ocrx_word' id='word_1_34' title='bbox 1815 688 2181 743; x_wconf 85' lang='lat' dir='ltr'>Contristatus</span> <span class='ocrx_word' id='word_1_35' title='bbox 2239 693 2343 750; x_wconf 88' lang='lat' dir='ltr'>est,</span> 
     </span>
    </p>
   </div>
   <div class='ocr_carea' id='block_1_8' title="bbox 760 779 2345 864">
    <p class='ocr_par' dir='ltr' id='par_1_8' title="bbox 760 779 2345 864">
     <span class='ocr_line' id='line_1_8' title="bbox 760 779 2345 864; baseline -0.013 -15"><span class='ocrx_word' id='word_1_36' title='bbox 760 796 953 864; x_wconf 90' lang='lat' dir='ltr'>inquit,</span> <span class='ocrx_word' id='word_1_37' title='bbox 980 802 1199 863; x_wconf 75' lang='lat' dir='ltr'>propter</span> <span class='ocrx_word' id='word_1_38' title='bbox 1222 790 1588 859; x_wconf 88' lang='lat' dir='ltr'>juramentum</span> <span class='ocrx_word' id='word_1_39' title='bbox 1623 794 1826 847; x_wconf 91' lang='lat' dir='ltr'>autem,</span> <span class='ocrx_word' id='word_1_40' title='bbox 1856 790 1909 835; x_wconf 89' lang='lat' dir='ltr'>et</span> <span class='ocrx_word' id='word_1_41' title='bbox 1935 779 2095 833; x_wconf 88' lang='lat' dir='ltr'>simul</span> <span class='ocrx_word' id='word_1_42' title='bbox 2127 786 2345 848; x_wconf 89' lang='lat' dir='ltr'>propter</span> 
     </span>
    </p>
   </div>
   <div class='ocr_carea' id='block_1_9' title="bbox 762 872 2341 941">
    <p class='ocr_par' dir='ltr' id='par_1_9' title="bbox 762 872 2341 941">
     <span class='ocr_line' id='line_1_9' title="bbox 762 872 2341 941; baseline -0.013 0"><span class='ocrx_word' id='word_1_43' title='bbox 762 888 1171 941; x_wconf 78' lang='lat' dir='ltr'>discumbentes</span> <span class='ocrx_word' id='word_1_44' title='bbox 1199 881 1371 936; x_wconf 91' lang='lat' dir='ltr'>noluit</span> <span class='ocrx_word' id='word_1_45' title='bbox 1396 881 1542 934; x_wconf 83' lang='lat' dir='ltr'>illam</span> <span class='ocrx_word' id='word_1_46' title='bbox 1564 878 1911 933; x_wconf 84' lang='lat' dir='ltr'>contristare.</span> <span class='ocrx_word' id='word_1_47' title='bbox 1945 892 1962 924; x_wconf 70' lang='grc' dir='ltr'>ι</span> <span class='ocrx_word' id='word_1_48' title='bbox 2002 872 2341 940; x_wconf 78' lang='lat' dir='ltr'>Figmentum</span> 
     </span>
    </p>
   </div>
   <div class='ocr_carea' id='block_1_10' title="bbox 757 960 2340 1047">
    <p class='ocr_par' dir='ltr' id='par_1_10' title="bbox 757 960 2340 1047">
     <span class='ocr_line' id='line_1_10' title="bbox 757 960 2340 1047; baseline -0.013 -16"><span class='ocrx_word' id='word_1_49' title='bbox 757 979 1026 1047; x_wconf 78' lang='lat' dir='ltr'>quoddam</span> <span class='ocrx_word' id='word_1_50' title='bbox 1057 976 1177 1041; x_wconf 90' lang='lat' dir='ltr'>fuit,</span> <span class='ocrx_word' id='word_1_51' title='bbox 1200 983 1254 1028; x_wconf 91' lang='lat' dir='ltr'>et</span> <span class='ocrx_word' id='word_1_52' title='bbox 1288 981 1611 1044; x_wconf 57' lang='lat' dir='ltr'>praetextus,</span> <span class='ocrx_word' id='word_1_53' title='bbox 1644 965 1920 1021; x_wconf 71' lang='lat' dir='ltr'>simulatio</span> <span class='ocrx_word' id='word_1_54' title='bbox 1946 964 2036 1016; x_wconf 86' lang='lat' dir='ltr'>illa</span> <span class='ocrx_word' id='word_1_55' title='bbox 2068 960 2340 1015; x_wconf 75' lang='lat' dir='ltr'>mteroris.</span> 
     </span>
    </p>
   </div>
   <div class='ocr_carea' id='block_1_11' title="bbox 756 1052 2349 1135">
    <p class='ocr_par' dir='ltr' id='par_1_11' title="bbox 756 1052 2349 1135">
     <span class='ocr_line' id='line_1_11' title="bbox 756 1052 2349 1135; baseline -0.013 -11"><span class='ocrx_word' id='word_1_56' title='bbox 756 1070 972 1125; x_wconf 73' lang='lat' dir='ltr'>Etenim</span> <span class='ocrx_word' id='word_1_57' title='bbox 1026 1067 1113 1121; x_wconf 90' lang='lat' dir='ltr'>illa</span> <span class='ocrx_word' id='word_1_58' title='bbox 1164 1064 1473 1135; x_wconf 90' lang='lat' dir='ltr'>promissio,</span> <span class='ocrx_word' id='word_1_59' title='bbox 1509 1076 1669 1130; x_wconf 91' lang='lat' dir='ltr'>quam</span> <span class='ocrx_word' id='word_1_60' title='bbox 1728 1059 1957 1121; x_wconf 81' lang='lat' dir='ltr'>fecerat,</span> <span class='ocrx_word' id='word_1_61' title='bbox 1987 1052 2349 1124; x_wconf 77' lang='lat' dir='ltr'>jurejurando</span> 
     </span>
    </p>
   </div>
   <div class='ocr_carea' id='block_1_12' title="bbox 757 1144 2345 1228">
    <p class='ocr_par' dir='ltr' id='par_1_12' title="bbox 757 1144 2345 1228">
     <span class='ocr_line' id='line_1_12' title="bbox 757 1144 2345 1228; baseline -0.011 -15"><span class='ocrx_word' id='word_1_62' title='bbox 757 1164 967 1214; x_wconf 86' lang='lat' dir='ltr'>iirmata</span> <span class='ocrx_word' id='word_1_63' title='bbox 1006 1161 1070 1211; x_wconf 89' lang='lat' dir='ltr'>ad</span> <span class='ocrx_word' id='word_1_64' title='bbox 1121 1158 1270 1228; x_wconf 81' lang='lat' dir='ltr'>regni</span> <span class='ocrx_word' id='word_1_65' title='bbox 1315 1155 1593 1211; x_wconf 87' lang='lat' dir='ltr'>dimidium</span> <span class='ocrx_word' id='word_1_66' title='bbox 1625 1150 2038 1205; x_wconf 81' lang='lat' dir='ltr'>extendebatur.</span> <span class='ocrx_word' id='word_1_67' title='bbox 2068 1147 2183 1213; x_wconf 86' lang='lat' dir='ltr'>Qua</span> <span class='ocrx_word' id='word_1_68' title='bbox 2223 1144 2345 1215; x_wconf 61' lang='lat' dir='ltr'>qui-</span> 
     </span>
    </p>
   </div>
   <div class='ocr_carea' id='block_1_13' title="bbox 756 1242 2347 1319">
    <p class='ocr_par' dir='ltr' id='par_1_13' title="bbox 756 1242 2347 1319">
     <span class='ocr_line' id='line_1_13' title="bbox 756 1242 2347 1319; baseline -0.012 -10"><span class='ocrx_word' id='word_1_69' title='bbox 756 1257 879 1308; x_wconf 86' lang='lat' dir='ltr'>dem</span> <span class='ocrx_word' id='word_1_70' title='bbox 922 1264 1085 1315; x_wconf 89' lang='lat' dir='ltr'>terra,</span> <span class='ocrx_word' id='word_1_71' title='bbox 1140 1262 1193 1305; x_wconf 88' lang='lat' dir='ltr'>et</span> <span class='ocrx_word' id='word_1_72' title='bbox 1241 1247 1640 1319; x_wconf 86' lang='lat' dir='ltr'>possessiones,</span> <span class='ocrx_word' id='word_1_73' title='bbox 1674 1253 1728 1298; x_wconf 92' lang='lat' dir='ltr'>et</span> <span class='ocrx_word' id='word_1_74' title='bbox 1771 1242 2031 1312; x_wconf 71' lang='lat' dir='ltr'>pecuniar,</span> <span class='ocrx_word' id='word_1_75' title='bbox 2066 1248 2119 1293; x_wconf 91' lang='lat' dir='ltr'>et</span> <span class='ocrx_word' id='word_1_76' title='bbox 2149 1252 2347 1307; x_wconf 87' lang='lat' dir='ltr'>pecora</span> 
     </span>
    </p>
   </div>
   <div class='ocr_carea' id='block_1_14' title="bbox 756 1331 2351 1407">
    <p class='ocr_par' dir='ltr' id='par_1_14' title="bbox 756 1331 2351 1407">
     <span class='ocr_line' id='line_1_14' title="bbox 756 1331 2351 1407; baseline -0.011 -8"><span class='ocrx_word' id='word_1_77' title='bbox 756 1349 1146 1401; x_wconf 77' lang='lat' dir='ltr'>continentur:</span> <span class='ocrx_word' id='word_1_78' title='bbox 1193 1357 1299 1396; x_wconf 89' lang='lat' dir='ltr'>non</span> <span class='ocrx_word' id='word_1_79' title='bbox 1356 1354 1487 1394; x_wconf 89' lang='lat' dir='ltr'>vero</span> <span class='ocrx_word' id='word_1_80' title='bbox 1547 1338 1821 1407; x_wconf 73' lang='lat' dir='ltr'>propheta:</span> <span class='ocrx_word' id='word_1_81' title='bbox 1861 1340 2055 1402; x_wconf 90' lang='lat' dir='ltr'>caput,</span> <span class='ocrx_word' id='word_1_82' title='bbox 2102 1331 2255 1399; x_wconf 86' lang='lat' dir='ltr'>eujus</span> <span class='ocrx_word' id='word_1_83' title='bbox 2286 1345 2351 1383; x_wconf 91' lang='lat' dir='ltr'>ne</span> 
     </span>
    </p>
   </div>
   <div class='ocr_carea' id='block_1_15' title="bbox 759 1421 2349 1507">
    <p class='ocr_par' dir='ltr' id='par_1_15' title="bbox 759 1421 2349 1507">
     <span class='ocr_line' id='line_1_15' title="bbox 759 1421 2349 1507; baseline -0.012 -14"><span class='ocrx_word' id='word_1_84' title='bbox 759 1450 901 1493; x_wconf 87' lang='lat' dir='ltr'>totus</span> <span class='ocrx_word' id='word_1_85' title='bbox 941 1438 1161 1507; x_wconf 84' lang='lat' dir='ltr'>quidem</span> <span class='ocrx_word' id='word_1_86' title='bbox 1206 1434 1440 1488; x_wconf 86' lang='lat' dir='ltr'>mundus</span> <span class='ocrx_word' id='word_1_87' title='bbox 1472 1433 1691 1499; x_wconf 83' lang='lat' dir='ltr'>dignum</span> <span class='ocrx_word' id='word_1_88' title='bbox 1749 1427 1981 1495; x_wconf 85' lang='lat' dir='ltr'>pretium</span> <span class='ocrx_word' id='word_1_89' title='bbox 2026 1434 2194 1479; x_wconf 83' lang='lat' dir='ltr'>esset.</span> <span class='ocrx_word' id='word_1_90' title='bbox 2239 1421 2349 1476; x_wconf 87' lang='lat' dir='ltr'>0b-</span> 
     </span>
    </p>
   </div>
   <div class='ocr_carea' id='block_1_16' title="bbox 758 1516 2353 1600">
    <p class='ocr_par' dir='ltr' id='par_1_16' title="bbox 758 1516 2353 1600">
     <span class='ocr_line' id='line_1_16' title="bbox 758 1516 2353 1600; baseline -0.013 -15"><span class='ocrx_word' id='word_1_91' title='bbox 758 1540 1045 1595; x_wconf 64' lang='lat' dir='ltr'>u‘uncatur</span> <span class='ocrx_word' id='word_1_92' title='bbox 1078 1529 1245 1600; x_wconf 78' lang='lat' dir='ltr'>igitur</span> <span class='ocrx_word' id='word_1_93' title='bbox 1279 1524 1687 1580; x_wconf 88' lang='lat' dir='ltr'>sanctissimum</span> <span class='ocrx_word' id='word_1_94' title='bbox 1722 1529 1882 1589; x_wconf 85' lang='lat' dir='ltr'>caput</span> <span class='ocrx_word' id='word_1_95' title='bbox 1904 1559 1919 1583; x_wconf 96' lang='lat'>,</span> <span class='ocrx_word' id='word_1_96' title='bbox 1959 1516 2042 1570; x_wconf 86' lang='lat' dir='ltr'>vel</span> <span class='ocrx_word' id='word_1_97' title='bbox 2088 1516 2221 1585; x_wconf 84' lang='lat' dir='ltr'>ipsis</span> <span class='ocrx_word' id='word_1_98' title='bbox 2252 1530 2353 1567; x_wconf 84' lang='lat' dir='ltr'>an-</span> 
     </span>
    </p>
   </div>
   <div class='ocr_carea' id='block_1_17' title="bbox 752 1606 2349 1696">
    <p class='ocr_par' dir='ltr' id='par_1_17' title="bbox 752 1606 2349 1696">
     <span class='ocr_line' id='line_1_17' title="bbox 752 1606 2349 1696; baseline -0.016 -14"><span class='ocrx_word' id='word_1_99' title='bbox 752 1627 896 1696; x_wconf 75' lang='lat' dir='ltr'>gelis</span> <span class='ocrx_word' id='word_1_100' title='bbox 942 1621 1326 1678; x_wconf 85' lang='lat' dir='ltr'>venerandum.</span> <span class='ocrx_word' id='word_1_101' title='bbox 1377 1616 1421 1672; x_wconf 94' lang='grc' dir='ltr'><strong>Ο</strong></span> <span class='ocrx_word' id='word_1_102' title='bbox 1456 1613 1794 1669; x_wconf 85' lang='lat' dir='ltr'>detestabilis</span> <span class='ocrx_word' id='word_1_103' title='bbox 1831 1626 2003 1673; x_wconf 82' lang='lat' dir='ltr'>mens,</span> <span class='ocrx_word' id='word_1_104' title='bbox 2036 1623 2158 1679; x_wconf 75' lang='lat' dir='ltr'>qua:</span> <span class='ocrx_word' id='word_1_105' title='bbox 2189 1606 2349 1661; x_wconf 89' lang='lat' dir='ltr'>talem</span> 
     </span>
    </p>
   </div>
   <div class='ocr_carea' id='block_1_18' title="bbox 753 1708 2354 1782">
    <p class='ocr_par' dir='ltr' id='par_1_18' title="bbox 753 1708 2354 1782">
     <span class='ocr_line' id='line_1_18' title="bbox 753 1708 2354 1782; baseline -0.017 0"><span class='ocrx_word' id='word_1_106' title='bbox 753 1728 954 1782; x_wconf 66' lang='lat' dir='ltr'>caedem</span> <span class='ocrx_word' id='word_1_107' title='bbox 1002 1731 1086 1777; x_wconf 91' lang='lat' dir='ltr'>est</span> <span class='ocrx_word' id='word_1_108' title='bbox 1136 1718 1484 1774; x_wconf 83' lang='lat' dir='ltr'>machinata!</span> <span class='ocrx_word' id='word_1_109' title='bbox 1540 1713 1584 1769; x_wconf 89' lang='grc' dir='ltr'><strong>Ο</strong></span> <span class='ocrx_word' id='word_1_110' title='bbox 1616 1711 1950 1767; x_wconf 80' lang='lat' dir='ltr'>exsecranda</span> <span class='ocrx_word' id='word_1_111' title='bbox 2004 1708 2184 1777; x_wconf 83' lang='lat' dir='ltr'>lingua</span> <span class='ocrx_word' id='word_1_112' title='bbox 2236 1717 2354 1773; x_wconf 71' lang='lat' dir='ltr'>qua:</span> 
     </span>
    </p>
   </div>
   <div class='ocr_carea' id='block_1_19' title="bbox 756 1803 2348 1878">
    <p class='ocr_par' dir='ltr' id='par_1_19' title="bbox 756 1803 2348 1878">
     <span class='ocr_line' id='line_1_19' title="bbox 756 1803 2348 1878; baseline -0.017 -5"><span class='ocrx_word' id='word_1_113' title='bbox 756 1822 917 1873; x_wconf 85' lang='lat' dir='ltr'>talem</span> <span class='ocrx_word' id='word_1_114' title='bbox 982 1812 1313 1869; x_wconf 88' lang='lat' dir='ltr'>sententiam</span> <span class='ocrx_word' id='word_1_115' title='bbox 1370 1806 1640 1878; x_wconf 84' lang='lat' dir='ltr'>protulit!</span> <span class='ocrx_word' id='word_1_116' title='bbox 1682 1803 1725 1858; x_wconf 94' lang='grc' dir='ltr'><strong>Ο</strong></span> <span class='ocrx_word' id='word_1_117' title='bbox 1763 1803 1937 1873; x_wconf 54' lang='lat' dir='ltr'>audax</span> <span class='ocrx_word' id='word_1_118' title='bbox 2002 1813 2197 1852; x_wconf 89' lang='lat' dir='ltr'>manus</span> <span class='ocrx_word' id='word_1_119' title='bbox 2228 1810 2348 1862; x_wconf 79' lang='lat' dir='ltr'>qua:</span> 
     </span>
    </p>
   </div>
   <div class='ocr_carea' id='block_1_20' title="bbox 755 1891 2340 1972">
    <p class='ocr_par' dir='ltr' id='par_1_20' title="bbox 755 1891 2340 1972">
     <span class='ocr_line' id='line_1_20' title="bbox 755 1891 2340 1972; baseline -0.015 -7"><span class='ocrx_word' id='word_1_120' title='bbox 755 1912 832 1966; x_wconf 85' lang='lat' dir='ltr'>illi</span> <span class='ocrx_word' id='word_1_121' title='bbox 866 1907 1126 1964; x_wconf 77' lang='lat' dir='ltr'>famulata</span> <span class='ocrx_word' id='word_1_122' title='bbox 1160 1904 1281 1959; x_wconf 90' lang='lat' dir='ltr'>est!</span> <span class='ocrx_word' id='word_1_123' title='bbox 1315 1902 1389 1958; x_wconf 80' lang='lat' dir='ltr'>Ac</span> <span class='ocrx_word' id='word_1_124' title='bbox 1412 1899 1524 1972; x_wconf 87' lang='lat' dir='ltr'>jam</span> <span class='ocrx_word' id='word_1_125' title='bbox 1560 1895 1882 1951; x_wconf 88' lang='lat' dir='ltr'>introlertur</span> <span class='ocrx_word' id='word_1_126' title='bbox 1931 1892 1984 1945; x_wconf 90' lang='lat' dir='ltr'>iu</span> <span class='ocrx_word' id='word_1_127' title='bbox 2033 1891 2184 1944; x_wconf 84' lang='lat' dir='ltr'>disco</span> <span class='ocrx_word' id='word_1_128' title='bbox 2212 1902 2340 1958; x_wconf 86' lang='lat' dir='ltr'>per-</span> 
     </span>
    </p>
   </div>
   <div class='ocr_carea' id='block_1_21' title="bbox 757 1981 2346 2073">
    <p class='ocr_par' dir='ltr' id='par_1_21' title="bbox 757 1981 2346 2073">
     <span class='ocr_line' id='line_1_21' title="bbox 757 1981 2346 2073; baseline -0.016 -15"><span class='ocrx_word' id='word_1_129' title='bbox 757 2006 937 2060; x_wconf 90' lang='lat' dir='ltr'>fusum</span> <span class='ocrx_word' id='word_1_130' title='bbox 972 2000 1135 2073; x_wconf 62' lang='grc'>422</span> <span class='ocrx_word' id='word_1_131' title='bbox 1171 1995 1457 2066; x_wconf 86' lang='lat' dir='ltr'>sanguine,</span> <span class='ocrx_word' id='word_1_132' title='bbox 1485 1992 1646 2045; x_wconf 81' lang='lat' dir='ltr'>triste</span> <span class='ocrx_word' id='word_1_133' title='bbox 1685 1986 1927 2043; x_wconf 83' lang='lat' dir='ltr'>convivis</span> <span class='ocrx_word' id='word_1_134' title='bbox 1954 1981 2346 2053; x_wconf 82' lang='lat' dir='ltr'>spectaculum,</span> 
     </span>
    </p>
   </div>
   <div class='ocr_carea' id='block_1_22' title="bbox 756 2071 2349 2169">
    <p class='ocr_par' dir='ltr' id='par_1_22' title="bbox 756 2071 2349 2169">
     <span class='ocr_line' id='line_1_22' title="bbox 756 2071 2349 2169; baseline -0.019 -16"><span class='ocrx_word' id='word_1_135' title='bbox 756 2112 915 2169; x_wconf 84' lang='lat' dir='ltr'>atque</span> <span class='ocrx_word' id='word_1_136' title='bbox 947 2099 1012 2151; x_wconf 90' lang='lat' dir='ltr'>ad</span> <span class='ocrx_word' id='word_1_137' title='bbox 1064 2098 1432 2148; x_wconf 88' lang='lat' dir='ltr'>comessantes</span> <span class='ocrx_word' id='word_1_138' title='bbox 1461 2096 1515 2139; x_wconf 90' lang='lat' dir='ltr'>et</span> <span class='ocrx_word' id='word_1_139' title='bbox 1553 2082 1759 2144; x_wconf 90' lang='lat' dir='ltr'>ebrios,</span> <span class='ocrx_word' id='word_1_140' title='bbox 1828 2078 1917 2132; x_wconf 88' lang='lat' dir='ltr'>ille</span> <span class='ocrx_word' id='word_1_141' title='bbox 1956 2075 2047 2145; x_wconf 89' lang='lat' dir='ltr'>qui</span> <span class='ocrx_word' id='word_1_142' title='bbox 2104 2073 2211 2126; x_wconf 91' lang='lat' dir='ltr'>cibi</span> <span class='ocrx_word' id='word_1_143' title='bbox 2252 2071 2349 2124; x_wconf 89' lang='lat' dir='ltr'>ab-</span> 
     </span>
    </p>
   </div>
   <div class='ocr_carea' id='block_1_23' title="bbox 755 2161 2347 2249">
    <p class='ocr_par' dir='ltr' id='par_1_23' title="bbox 755 2161 2347 2249">
     <span class='ocr_line' id='line_1_23' title="bbox 755 2161 2347 2249; baseline -0.021 -1"><span class='ocrx_word' id='word_1_144' title='bbox 755 2194 1013 2248; x_wconf 73' lang='lat' dir='ltr'>stinentia</span> <span class='ocrx_word' id='word_1_145' title='bbox 1042 2186 1122 2240; x_wconf 84' lang='lat' dir='ltr'>vel</span> <span class='ocrx_word' id='word_1_146' title='bbox 1148 2198 1270 2239; x_wconf 89' lang='lat' dir='ltr'>cum</span> <span class='ocrx_word' id='word_1_147' title='bbox 1298 2176 1509 2249; x_wconf 86' lang='lat' dir='ltr'>angelis</span> <span class='ocrx_word' id='word_1_148' title='bbox 1557 2170 1940 2232; x_wconf 86' lang='lat' dir='ltr'>contendebat,</span> <span class='ocrx_word' id='word_1_149' title='bbox 1974 2177 2029 2220; x_wconf 91' lang='lat' dir='ltr'>et</span> <span class='ocrx_word' id='word_1_150' title='bbox 2054 2161 2347 2218; x_wconf 88' lang='lat' dir='ltr'>lasciviens</span> 
     </span>
    </p>
   </div>
   <div class='ocr_carea' id='block_1_24' title="bbox 757 2257 2345 2346">
    <p class='ocr_par' dir='ltr' id='par_1_24' title="bbox 757 2257 2345 2346">
     <span class='ocr_line' id='line_1_24' title="bbox 757 2257 2345 2346; baseline -0.022 -6"><span class='ocrx_word' id='word_1_151' title='bbox 757 2283 1015 2340; x_wconf 77' lang='lat' dir='ltr'>meretrix</span> <span class='ocrx_word' id='word_1_152' title='bbox 1056 2294 1146 2343; x_wconf 91' lang='lat' dir='ltr'>eo,</span> <span class='ocrx_word' id='word_1_153' title='bbox 1184 2275 1276 2346; x_wconf 88' lang='lat' dir='ltr'>qui</span> <span class='ocrx_word' id='word_1_154' title='bbox 1324 2268 1675 2344; x_wconf 86' lang='lat' dir='ltr'>passionibus</span> <span class='ocrx_word' id='word_1_155' title='bbox 1719 2265 1855 2318; x_wconf 89' lang='lat' dir='ltr'>liber</span> <span class='ocrx_word' id='word_1_156' title='bbox 1900 2266 2040 2323; x_wconf 86' lang='lat' dir='ltr'>erat,</span> <span class='ocrx_word' id='word_1_157' title='bbox 2078 2266 2131 2311; x_wconf 88' lang='lat' dir='ltr'>et</span> <span class='ocrx_word' id='word_1_158' title='bbox 2170 2257 2345 2323; x_wconf 79' lang='lat' dir='ltr'>virgo,</span> 
     </span>
    </p>
   </div>
   <div class='ocr_carea' id='block_1_25' title="bbox 757 2348 2343 2452">
    <p class='ocr_par' dir='ltr' id='par_1_25' title="bbox 757 2348 2343 2452">
     <span class='ocr_line' id='line_1_25' title="bbox 757 2348 2343 2452; baseline -0.022 -17"><span class='ocrx_word' id='word_1_159' title='bbox 757 2382 923 2452; x_wconf 78' lang='lat' dir='ltr'>potita</span> <span class='ocrx_word' id='word_1_160' title='bbox 976 2371 1462 2433; x_wconf 80' lang='lat' dir='ltr'>tlelectabatttr,.et</span> <span class='ocrx_word' id='word_1_161' title='bbox 1506 2361 1892 2422; x_wconf 79' lang='lat' dir='ltr'>cacliinnabat,</span> <span class='ocrx_word' id='word_1_162' title='bbox 1919 2368 2042 2407; x_wconf 87' lang='lat' dir='ltr'>cum</span> <span class='ocrx_word' id='word_1_163' title='bbox 2089 2349 2217 2403; x_wconf 90' lang='lat' dir='ltr'>illud</span> <span class='ocrx_word' id='word_1_164' title='bbox 2255 2348 2343 2413; x_wconf 88' lang='lat' dir='ltr'>ju-</span> 
     </span>
    </p>
   </div>
   <div class='ocr_carea' id='block_1_26' title="bbox 759 2443 2339 2535">
    <p class='ocr_par' dir='ltr' id='par_1_26' title="bbox 759 2443 2339 2535">
     <span class='ocr_line' id='line_1_26' title="bbox 759 2443 2339 2535; baseline -0.027 0"><span class='ocrx_word' id='word_1_165' title='bbox 759 2473 1154 2534; x_wconf 85' lang='lat' dir='ltr'>cundissimum</span> <span class='ocrx_word' id='word_1_166' title='bbox 1210 2460 1584 2535; x_wconf 84' lang='lat' dir='ltr'>spectaculum</span> <span class='ocrx_word' id='word_1_167' title='bbox 1630 2465 1685 2509; x_wconf 88' lang='lat' dir='ltr'>et</span> <span class='ocrx_word' id='word_1_168' title='bbox 1736 2449 1955 2522; x_wconf 90' lang='lat' dir='ltr'>plurimi</span> <span class='ocrx_word' id='word_1_169' title='bbox 2011 2443 2339 2500; x_wconf 60' lang='lat' dir='ltr'>aestimatum</span> 
     </span>
    </p>
   </div>
   <div class='ocr_carea' id='block_1_27' title="bbox 2451 589 4029 661">
    <p class='ocr_par' dir='ltr' id='par_1_27' title="bbox 2451 589 4029 661">
     <span class='ocr_line' id='line_1_27' title="bbox 2451 589 4029 661; baseline 0.001 -18"><span class='ocrx_word' id='word_1_170' title='bbox 2451 590 2647 659; x_wconf 84' lang='grc' dir='ltr'>μένους</span> <span class='ocrx_word' id='word_1_171' title='bbox 2680 592 2779 643; x_wconf 70' lang='grc' dir='ltr'>οὐκ</span> <span class='ocrx_word' id='word_1_172' title='bbox 2820 589 3085 661; x_wconf 75' lang='grc' dir='ltr'>ἠθέλησεν</span> <span class='ocrx_word' id='word_1_173' title='bbox 3130 590 3301 661; x_wconf 81' lang='grc' dir='ltr'>αὐτὴν</span> <span class='ocrx_word' id='word_1_174' title='bbox 3358 592 3643 660; x_wconf 77' lang='grc' dir='ltr'>ἀθετῆσαι.</span> <span class='ocrx_word' id='word_1_175' title='bbox 3686 612 3704 642; x_wconf 75' lang='grc' dir='ltr'>ι</span> <span class='ocrx_word' id='word_1_176' title='bbox 3754 595 4029 651; x_wconf 77' lang='grc' dir='ltr'>Κεκαττυ-</span> 
     </span>
    </p>
   </div>
   <div class='ocr_carea' id='block_1_28' title="bbox 2453 677 4029 752">
    <p class='ocr_par' dir='ltr' id='par_1_28' title="bbox 2453 677 4029 752">
     <span class='ocr_line' id='line_1_28' title="bbox 2453 677 4029 752; baseline 0.002 -19"><span class='ocrx_word' id='word_1_177' title='bbox 2453 682 2616 750; x_wconf 83' lang='grc' dir='ltr'>μένον</span> <span class='ocrx_word' id='word_1_178' title='bbox 2632 684 2863 752; x_wconf 82' lang='grc' dir='ltr'>πλάσμα</span> <span class='ocrx_word' id='word_1_179' title='bbox 2886 677 2954 751; x_wconf 78' lang='grc' dir='ltr'>ἦν</span> <span class='ocrx_word' id='word_1_180' title='bbox 2982 682 3043 734; x_wconf 83' lang='grc' dir='ltr'>τὸ</span> <span class='ocrx_word' id='word_1_181' title='bbox 3072 683 3173 752; x_wconf 81' lang='grc' dir='ltr'>τῆς</span> <span class='ocrx_word' id='word_1_182' title='bbox 3191 681 3392 752; x_wconf 83' lang='grc' dir='ltr'>λύπης,</span> <span class='ocrx_word' id='word_1_183' title='bbox 3448 683 3547 736; x_wconf 79' lang='grc' dir='ltr'>καὶ</span> <span class='ocrx_word' id='word_1_184' title='bbox 3593 685 3891 752; x_wconf 74' lang='grc' dir='ltr'>πρόφασις.</span> <span class='ocrx_word' id='word_1_185' title='bbox 3967 686 4029 736; x_wconf 83' lang='grc' dir='ltr'><strong>Ἠ</strong></span> 
     </span>
    </p>
   </div>
   <div class='ocr_carea' id='block_1_29' title="bbox 2449 773 4030 847">
    <p class='ocr_par' dir='ltr' id='par_1_29' title="bbox 2449 773 4030 847">
     <span class='ocr_line' id='line_1_29' title="bbox 2449 773 4030 847; baseline 0.002 -21"><span class='ocrx_word' id='word_1_186' title='bbox 2449 776 2559 845; x_wconf 73' lang='grc' dir='ltr'>γὰρ</span> <span class='ocrx_word' id='word_1_187' title='bbox 2591 773 2817 843; x_wconf 76' lang='grc' dir='ltr'>ἔνορκος</span> <span class='ocrx_word' id='word_1_188' title='bbox 2860 775 3143 845; x_wconf 80' lang='grc' dir='ltr'><strong>ὁμολογία,</strong></span> <span class='ocrx_word' id='word_1_189' title='bbox 3172 776 3240 847; x_wconf 75' lang='grc' dir='ltr'>ἣν</span> <span class='ocrx_word' id='word_1_190' title='bbox 3264 775 3585 844; x_wconf 73' lang='grc' dir='ltr'>ἐποιήσατο,</span> <span class='ocrx_word' id='word_1_191' title='bbox 3615 775 3739 827; x_wconf 83' lang='grc' dir='ltr'>ὅσον</span> <span class='ocrx_word' id='word_1_192' title='bbox 3767 778 3831 828; x_wconf 87' lang='grc' dir='ltr'>τὸ</span> <span class='ocrx_word' id='word_1_193' title='bbox 3862 777 4030 846; x_wconf 57' lang='grc' dir='ltr'>ἥμισυ</span> 
     </span>
    </p>
   </div>
   <div class='ocr_carea' id='block_1_30' title="bbox 2449 864 4029 941">
    <p class='ocr_par' dir='ltr' id='par_1_30' title="bbox 2449 864 4029 941">
     <span class='ocr_line' id='line_1_30' title="bbox 2449 864 4029 941; baseline 0 -19"><span class='ocrx_word' id='word_1_194' title='bbox 2449 870 2550 939; x_wconf 81' lang='grc' dir='ltr'>τῆς</span> <span class='ocrx_word' id='word_1_195' title='bbox 2585 869 2874 940; x_wconf 78' lang='grc' dir='ltr'>βασιλείας</span> <span class='ocrx_word' id='word_1_196' title='bbox 2905 865 2997 941; x_wconf 84' lang='grc' dir='ltr'>ἦν.</span> <span class='ocrx_word' id='word_1_197' title='bbox 3024 869 3198 922; x_wconf 76' lang='grc' dir='ltr'>Τοῦτο</span> <span class='ocrx_word' id='word_1_198' title='bbox 3231 869 3289 923; x_wconf 85' lang='grc' dir='ltr'>δὲ</span> <span class='ocrx_word' id='word_1_199' title='bbox 3315 869 3649 939; x_wconf 85' lang='grc' dir='ltr'>κατάσχεσις</span> <span class='ocrx_word' id='word_1_200' title='bbox 3687 871 3792 938; x_wconf 81' lang='grc' dir='ltr'>γῆς</span> <span class='ocrx_word' id='word_1_201' title='bbox 3812 864 3906 940; x_wconf 76' lang='grc' dir='ltr'>ἦν,</span> <span class='ocrx_word' id='word_1_202' title='bbox 3939 872 4029 922; x_wconf 71' lang='grc' dir='ltr'>καὶ</span> 
     </span>
    </p>
   </div>
   <div class='ocr_carea' id='block_1_31' title="bbox 2451 961 4029 1034">
    <p class='ocr_par' dir='ltr' id='par_1_31' title="bbox 2451 961 4029 1034">
     <span class='ocr_line' id='line_1_31' title="bbox 2451 961 4029 1034; baseline -0.003 -18"><span class='ocrx_word' id='word_1_203' title='bbox 2451 964 2733 1033; x_wconf 88' lang='grc' dir='ltr'>κτήματα,</span> <span class='ocrx_word' id='word_1_204' title='bbox 2762 962 2857 1014; x_wconf 78' lang='grc' dir='ltr'>καὶ</span> <span class='ocrx_word' id='word_1_205' title='bbox 2878 963 3165 1034; x_wconf 83' lang='grc' dir='ltr'>χρήματα,</span> <span class='ocrx_word' id='word_1_206' title='bbox 3192 961 3288 1015; x_wconf 79' lang='grc' dir='ltr'>καὶ</span> <span class='ocrx_word' id='word_1_207' title='bbox 3335 961 3657 1033; x_wconf 81' lang='grc' dir='ltr'>βοσκήματα</span> <span class='ocrx_word' id='word_1_208' title='bbox 3677 1001 3689 1021; x_wconf 85' lang='grc'>,</span> <span class='ocrx_word' id='word_1_209' title='bbox 3723 962 3787 1013; x_wconf 84' lang='grc' dir='ltr'>οὑ</span> <span class='ocrx_word' id='word_1_210' title='bbox 3816 978 4029 1029; x_wconf 74' lang='grc' dir='ltr'>προφη-</span> 
     </span>
    </p>
   </div>
   <div class='ocr_carea' id='block_1_32' title="bbox 2448 1049 4031 1126">
    <p class='ocr_par' dir='ltr' id='par_1_32' title="bbox 2448 1049 4031 1126">
     <span class='ocr_line' id='line_1_32' title="bbox 2448 1049 4031 1126; baseline -0.003 -19"><span class='ocrx_word' id='word_1_211' title='bbox 2448 1056 2578 1125; x_wconf 76' lang='grc' dir='ltr'>τικὴ</span> <span class='ocrx_word' id='word_1_212' title='bbox 2613 1054 2849 1123; x_wconf 84' lang='grc' dir='ltr'>κεφαλὴ,</span> <span class='ocrx_word' id='word_1_213' title='bbox 2875 1049 2945 1126; x_wconf 81' lang='grc' dir='ltr'>ἦς</span> <span class='ocrx_word' id='word_1_214' title='bbox 2961 1054 3071 1109; x_wconf 84' lang='grc' dir='ltr'>οὐδ’</span> <span class='ocrx_word' id='word_1_215' title='bbox 3097 1057 3126 1109; x_wconf 90' lang='lat'>0</span> <span class='ocrx_word' id='word_1_216' title='bbox 3153 1055 3359 1125; x_wconf 88' lang='grc' dir='ltr'>κόσμος</span> <span class='ocrx_word' id='word_1_217' title='bbox 3385 1054 3506 1115; x_wconf 83' lang='grc' dir='ltr'>ὅλος</span> <span class='ocrx_word' id='word_1_218' title='bbox 3530 1054 3801 1118; x_wconf 79' lang='grc' dir='ltr'>ἀντάξιος.</span> <span class='ocrx_word' id='word_1_219' title='bbox 3830 1053 4031 1121; x_wconf 80' lang='grc' dir='ltr'>τέμνε-</span> 
     </span>
    </p>
   </div>
   <div class='ocr_carea' id='block_1_33' title="bbox 2450 1142 4030 1218">
    <p class='ocr_par' dir='ltr' id='par_1_33' title="bbox 2450 1142 4030 1218">
     <span class='ocr_line' id='line_1_33' title="bbox 2450 1142 4030 1218; baseline -0.003 -20"><span class='ocrx_word' id='word_1_220' title='bbox 2450 1163 2542 1199; x_wconf 89' lang='grc' dir='ltr'>ται</span> <span class='ocrx_word' id='word_1_221' title='bbox 2566 1142 2661 1201; x_wconf 77' lang='grc' dir='ltr'>οὖν</span> <span class='ocrx_word' id='word_1_222' title='bbox 2687 1147 2719 1217; x_wconf 81' lang='grc' dir='ltr'>η</span> <span class='ocrx_word' id='word_1_223' title='bbox 2748 1147 3008 1218; x_wconf 84' lang='grc' dir='ltr'>πανίερος</span> <span class='ocrx_word' id='word_1_224' title='bbox 3043 1148 3213 1218; x_wconf 90' lang='grc' dir='ltr'>κάρα,</span> <span class='ocrx_word' id='word_1_225' title='bbox 3250 1149 3284 1218; x_wconf 75' lang='grc' dir='ltr'>ἡ</span> <span class='ocrx_word' id='word_1_226' title='bbox 3317 1145 3414 1200; x_wconf 73' lang='grc' dir='ltr'>καὶ</span> <span class='ocrx_word' id='word_1_227' title='bbox 3430 1146 3615 1209; x_wconf 82' lang='grc' dir='ltr'>αὐτοῖς</span> <span class='ocrx_word' id='word_1_228' title='bbox 3641 1149 3752 1206; x_wconf 86' lang='grc' dir='ltr'>τοῖς</span> <span class='ocrx_word' id='word_1_229' title='bbox 3779 1144 4030 1210; x_wconf 75' lang='grc' dir='ltr'>ἀγγέλοις</span> 
     </span>
    </p>
   </div>
   <div class='ocr_carea' id='block_1_34' title="bbox 2453 1235 4028 1314">
    <p class='ocr_par' dir='ltr' id='par_1_34' title="bbox 2453 1235 4028 1314">
     <span class='ocr_line' id='line_1_34' title="bbox 2453 1235 4028 1314; baseline -0.004 -21"><span class='ocrx_word' id='word_1_230' title='bbox 2453 1240 2757 1310; x_wconf 83' lang='grc' dir='ltr'>αἰδέσιμος.</span> <span class='ocrx_word' id='word_1_231' title='bbox 2793 1235 2863 1293; x_wconf 80' lang='grc' dir='ltr'>’Ὦ</span> <span class='ocrx_word' id='word_1_232' title='bbox 2889 1241 3065 1309; x_wconf 81' lang='grc' dir='ltr'>μιαρὰ</span> <span class='ocrx_word' id='word_1_233' title='bbox 3094 1240 3259 1314; x_wconf 84' lang='grc' dir='ltr'>φρὴν,</span> <span class='ocrx_word' id='word_1_234' title='bbox 3295 1241 3330 1311; x_wconf 78' lang='grc' dir='ltr'>ἡ</span> <span class='ocrx_word' id='word_1_235' title='bbox 3360 1239 3603 1293; x_wconf 82' lang='grc' dir='ltr'>τοιοῦτον</span> <span class='ocrx_word' id='word_1_236' title='bbox 3633 1237 3796 1305; x_wconf 82' lang='grc' dir='ltr'>φόνον</span> <span class='ocrx_word' id='word_1_237' title='bbox 3847 1237 4028 1303; x_wconf 82' lang='grc' dir='ltr'>δολοό</span> 
     </span>
    </p>
   </div>
   <div class='ocr_carea' id='block_1_35' title="bbox 2457 1326 4031 1404">
    <p class='ocr_par' dir='ltr' id='par_1_35' title="bbox 2457 1326 4031 1404">
     <span class='ocr_line' id='line_1_35' title="bbox 2457 1326 4031 1404; baseline -0.004 -19"><span class='ocrx_word' id='word_1_238' title='bbox 2457 1333 2750 1404; x_wconf 83' lang='grc' dir='ltr'>ραφήσασα</span> <span class='ocrx_word' id='word_1_239' title='bbox 2788 1335 2801 1387; x_wconf 73' lang='grc' dir='ltr'>ί</span> <span class='ocrx_word' id='word_1_240' title='bbox 2881 1326 2925 1385; x_wconf 77' lang='grc' dir='ltr'>ὦ</span> <span class='ocrx_word' id='word_1_241' title='bbox 2987 1332 3217 1401; x_wconf 84' lang='grc' dir='ltr'>βδελυρὰ</span> <span class='ocrx_word' id='word_1_242' title='bbox 3242 1332 3484 1400; x_wconf 79' lang='grc' dir='ltr'>γλῶσσα,</span> <span class='ocrx_word' id='word_1_243' title='bbox 3520 1332 3554 1401; x_wconf 81' lang='grc' dir='ltr'><strong>ἡ</strong></span> <span class='ocrx_word' id='word_1_244' title='bbox 3588 1328 3848 1397; x_wconf 80' lang='grc' dir='ltr'>τοιαύτην</span> <span class='ocrx_word' id='word_1_245' title='bbox 3901 1330 4031 1380; x_wconf 79' lang='grc' dir='ltr'>ἀπὸ·</span> 
     </span>
    </p>
   </div>
   <div class='ocr_carea' id='block_1_36' title="bbox 2456 1420 4029 1494">
    <p class='ocr_par' dir='ltr' id='par_1_36' title="bbox 2456 1420 4029 1494">
     <span class='ocr_line' id='line_1_36' title="bbox 2456 1420 4029 1494; baseline -0.004 -16"><span class='ocrx_word' id='word_1_246' title='bbox 2456 1442 2621 1493; x_wconf 82' lang='grc' dir='ltr'>φασιν</span> <span class='ocrx_word' id='word_1_247' title='bbox 2655 1425 2957 1492; x_wconf 79' lang='grc' dir='ltr'>ἐπιτάξασα</span> <span class='ocrx_word' id='word_1_248' title='bbox 2988 1426 3001 1478; x_wconf 83' lang='lat'>!</span> <span class='ocrx_word' id='word_1_249' title='bbox 3035 1420 3079 1479; x_wconf 83' lang='grc' dir='ltr'><strong>ὦ</strong></span> <span class='ocrx_word' id='word_1_250' title='bbox 3102 1423 3351 1494; x_wconf 85' lang='grc' dir='ltr'>τολμηρὰ</span> <span class='ocrx_word' id='word_1_251' title='bbox 3407 1425 3549 1494; x_wconf 80' lang='grc' dir='ltr'>χεὶρ,</span> <span class='ocrx_word' id='word_1_252' title='bbox 3588 1424 3621 1493; x_wconf 78' lang='grc' dir='ltr'>ἡ</span> <span class='ocrx_word' id='word_1_253' title='bbox 3684 1421 3822 1489; x_wconf 76' lang='grc' dir='ltr'>πρὸς</span> <span class='ocrx_word' id='word_1_254' title='bbox 3874 1420 4029 1472; x_wconf 76' lang='grc' dir='ltr'>τοῦτο</span> 
     </span>
    </p>
   </div>
   <div class='ocr_carea' id='block_1_37' title="bbox 2456 1511 4027 1585">
    <p class='ocr_par' dir='ltr' id='par_1_37' title="bbox 2456 1511 4027 1585">
     <span class='ocr_line' id='line_1_37' title="bbox 2456 1511 4027 1585; baseline -0.002 -18"><span class='ocrx_word' id='word_1_255' title='bbox 2456 1517 3021 1585; x_wconf 77' lang='grc' dir='ltr'>ὑπηρετήσασα.Καὶ</span> <span class='ocrx_word' id='word_1_256' title='bbox 3044 1516 3331 1584; x_wconf 70' lang='grc' dir='ltr'>εἰσάγεται</span> <span class='ocrx_word' id='word_1_257' title='bbox 3386 1516 3481 1568; x_wconf 72' lang='grc' dir='ltr'>ὲπὶ</span> <span class='ocrx_word' id='word_1_258' title='bbox 3527 1515 3753 1575; x_wconf 83' lang='grc' dir='ltr'>πίνακος</span> <span class='ocrx_word' id='word_1_259' title='bbox 3818 1511 4027 1580; x_wconf 73' lang='grc' dir='ltr'>πλήρης</span> 
     </span>
    </p>
   </div>
   <div class='ocr_carea' id='block_1_38' title="bbox 2456 1605 4029 1680">
    <p class='ocr_par' dir='ltr' id='par_1_38' title="bbox 2456 1605 4029 1680">
     <span class='ocr_line' id='line_1_38' title="bbox 2456 1605 4029 1680; baseline -0.004 -18"><span class='ocrx_word' id='word_1_260' title='bbox 2456 1611 2689 1680; x_wconf 78' lang='grc' dir='ltr'>αἵματος</span> <span class='ocrx_word' id='word_1_261' title='bbox 2712 1611 2826 1671; x_wconf 88' lang='grc' dir='ltr'>τοῖς</span> <span class='ocrx_word' id='word_1_262' title='bbox 2857 1611 3145 1680; x_wconf 80' lang='grc' dir='ltr'>δαιτυμόσι</span> <span class='ocrx_word' id='word_1_263' title='bbox 3174 1609 3354 1679; x_wconf 89' lang='grc' dir='ltr'>θέαμα</span> <span class='ocrx_word' id='word_1_264' title='bbox 3384 1607 3709 1676; x_wconf 76' lang='grc' dir='ltr'>σκυθρωπὸν</span> <span class='ocrx_word' id='word_1_265' title='bbox 3743 1606 3881 1675; x_wconf 80' lang='grc' dir='ltr'>πρὸς</span> <span class='ocrx_word' id='word_1_266' title='bbox 3909 1605 4029 1665; x_wconf 76' lang='grc' dir='ltr'>τοὺς</span> 
     </span>
    </p>
   </div>
   <div class='ocr_carea' id='block_1_39' title="bbox 2458 1696 4031 1771">
    <p class='ocr_par' dir='ltr' id='par_1_39' title="bbox 2458 1696 4031 1771">
     <span class='ocr_line' id='line_1_39' title="bbox 2458 1696 4031 1771; baseline -0.004 -17"><span class='ocrx_word' id='word_1_267' title='bbox 2458 1704 2767 1771; x_wconf 84' lang='grc' dir='ltr'>κωμῶντας</span> <span class='ocrx_word' id='word_1_268' title='bbox 2790 1703 2883 1755; x_wconf 77' lang='grc' dir='ltr'>καὶ</span> <span class='ocrx_word' id='word_1_269' title='bbox 2926 1700 3228 1770; x_wconf 86' lang='grc' dir='ltr'>μεθύοντας</span> <span class='ocrx_word' id='word_1_270' title='bbox 3261 1704 3382 1771; x_wconf 82' lang='grc' dir='ltr'>ότῇ</span> <span class='ocrx_word' id='word_1_271' title='bbox 3428 1699 3615 1770; x_wconf 78' lang='grc' dir='ltr'>ἀσιτίᾳ</span> <span class='ocrx_word' id='word_1_272' title='bbox 3668 1698 3868 1767; x_wconf 73' lang='grc' dir='ltr'>μικροῦ</span> <span class='ocrx_word' id='word_1_273' title='bbox 3942 1696 4031 1748; x_wconf 74' lang='grc' dir='ltr'>καὶ</span> 
     </span>
    </p>
   </div>
   <div class='ocr_carea' id='block_1_40' title="bbox 2459 1790 4032 1865">
    <p class='ocr_par' dir='ltr' id='par_1_40' title="bbox 2459 1790 4032 1865">
     <span class='ocr_line' id='line_1_40' title="bbox 2459 1790 4032 1865; baseline -0.004 -18"><span class='ocrx_word' id='word_1_274' title='bbox 2459 1795 2716 1863; x_wconf 83' lang='grc' dir='ltr'>ἀγγέλοις</span> <span class='ocrx_word' id='word_1_275' title='bbox 2751 1795 3250 1865; x_wconf 75' lang='grc' dir='ltr'>συναμιλλώμενος,</span> <span class='ocrx_word' id='word_1_276' title='bbox 3275 1794 3371 1846; x_wconf 73' lang='grc' dir='ltr'>καὶ</span> <span class='ocrx_word' id='word_1_277' title='bbox 3404 1794 3668 1863; x_wconf 84' lang='grc' dir='ltr'>μαχλῶσα</span> <span class='ocrx_word' id='word_1_278' title='bbox 3725 1792 3903 1860; x_wconf 75' lang='grc' dir='ltr'>πόρνη</span> <span class='ocrx_word' id='word_1_279' title='bbox 3948 1790 4032 1841; x_wconf 74' lang='grc' dir='ltr'>τὸν</span> 
     </span>
    </p>
   </div>
   <div class='ocr_carea' id='block_1_41' title="bbox 2451 1882 4033 1957">
    <p class='ocr_par' dir='ltr' id='par_1_41' title="bbox 2451 1882 4033 1957">
     <span class='ocr_line' id='line_1_41' title="bbox 2451 1882 4033 1957; baseline -0.003 -18"><span class='ocrx_word' id='word_1_280' title='bbox 2451 1885 2787 1954; x_wconf 72' lang='grc' dir='ltr'>άπαθῆκαὶ</span> <span class='ocrx_word' id='word_1_281' title='bbox 2844 1886 3114 1957; x_wconf 84' lang='grc' dir='ltr'>παρθένον</span> <span class='ocrx_word' id='word_1_282' title='bbox 3171 1884 3457 1956; x_wconf 71' lang='grc' dir='ltr'>κρατοῦσα</span> <span class='ocrx_word' id='word_1_283' title='bbox 3526 1882 3849 1950; x_wconf 83' lang='grc' dir='ltr'>κατετρύφα</span> <span class='ocrx_word' id='word_1_284' title='bbox 3893 1898 4033 1947; x_wconf 81' lang='grc' dir='ltr'>καγ-</span> 
     </span>
    </p>
   </div>
   <div class='ocr_carea' id='block_1_42' title="bbox 2445 1975 4030 2049">
    <p class='ocr_par' dir='ltr' id='par_1_42' title="bbox 2445 1975 4030 2049">
     <span class='ocr_line' id='line_1_42' title="bbox 2445 1975 4030 2049; baseline -0.004 -18"><span class='ocrx_word' id='word_1_285' title='bbox 2445 1977 2712 2049; x_wconf 76' lang='grc' dir='ltr'>χάζουσα,</span> <span class='ocrx_word' id='word_1_286' title='bbox 2741 1981 2821 2041; x_wconf 85' lang='grc' dir='ltr'>είς</span> <span class='ocrx_word' id='word_1_287' title='bbox 2857 1979 3012 2041; x_wconf 84' lang='grc' dir='ltr'>τέλος</span> <span class='ocrx_word' id='word_1_288' title='bbox 3058 1979 3273 2032; x_wconf 74' lang='grc' dir='ltr'>ἀποϐὰν</span> <span class='ocrx_word' id='word_1_289' title='bbox 3328 1977 3516 2049; x_wconf 81' lang='grc' dir='ltr'>ὁρῶσα</span> <span class='ocrx_word' id='word_1_290' title='bbox 3549 1976 3610 2030; x_wconf 81' lang='grc' dir='ltr'>τὸ</span> <span class='ocrx_word' id='word_1_291' title='bbox 3651 1976 3869 2045; x_wconf 73' lang='grc' dir='ltr'>ἧδιστον</span> <span class='ocrx_word' id='word_1_292' title='bbox 3899 1975 4030 2043; x_wconf 74' lang='grc' dir='ltr'>αὐτῇ</span> 
     </span>
    </p>
   </div>
   <div class='ocr_carea' id='block_1_43' title="bbox 2447 2065 4034 2141">
    <p class='ocr_par' dir='ltr' id='par_1_43' title="bbox 2447 2065 4034 2141">
     <span class='ocr_line' id='line_1_43' title="bbox 2447 2065 4034 2141; baseline -0.006 -17"><span class='ocrx_word' id='word_1_293' title='bbox 2447 2071 2651 2140; x_wconf 83' lang='grc' dir='ltr'>θέαμα,</span> <span class='ocrx_word' id='word_1_294' title='bbox 2676 2072 2770 2124; x_wconf 71' lang='grc' dir='ltr'>καὶ</span> <span class='ocrx_word' id='word_1_295' title='bbox 2794 2071 2901 2141; x_wconf 80' lang='grc' dir='ltr'>πρὸ</span> <span class='ocrx_word' id='word_1_296' title='bbox 2931 2069 3129 2123; x_wconf 80' lang='grc' dir='ltr'>πολλοῦ</span> <span class='ocrx_word' id='word_1_297' title='bbox 3165 2069 3563 2140; x_wconf 84' lang='grc' dir='ltr'>μελετώμενον,</span> <span class='ocrx_word' id='word_1_298' title='bbox 3582 2068 3701 2135; x_wconf 80' lang='grc' dir='ltr'>ἥτις</span> <span class='ocrx_word' id='word_1_299' title='bbox 3726 2067 3824 2118; x_wconf 79' lang='grc' dir='ltr'>καὶ</span> <span class='ocrx_word' id='word_1_300' title='bbox 3846 2065 4034 2133; x_wconf 77' lang='grc' dir='ltr'>ὥσπερ</span> 
     </span>
    </p>
   </div>
   <div class='ocr_carea' id='block_1_44' title="bbox 2446 2158 4032 2232">
    <p class='ocr_par' dir='ltr' id='par_1_44' title="bbox 2446 2158 4032 2232">
     <span class='ocr_line' id='line_1_44' title="bbox 2446 2158 4032 2232; baseline -0.003 -19"><span class='ocrx_word' id='word_1_301' title='bbox 2446 2160 2723 2214; x_wconf 77' lang='grc' dir='ltr'>δεδοικυῖα</span> <span class='ocrx_word' id='word_1_302' title='bbox 2761 2162 2838 2232; x_wconf 84' lang='grc' dir='ltr'>μὴ</span> <span class='ocrx_word' id='word_1_303' title='bbox 2869 2161 2946 2232; x_wconf 76' lang='grc' dir='ltr'>τῷ</span> <span class='ocrx_word' id='word_1_304' title='bbox 2976 2160 3155 2232; x_wconf 81' lang='grc' dir='ltr'>λοιπῷ</span> <span class='ocrx_word' id='word_1_305' title='bbox 3188 2160 3403 2231; x_wconf 86' lang='grc' dir='ltr'>σώματι</span> <span class='ocrx_word' id='word_1_306' title='bbox 3434 2159 3701 2213; x_wconf 79' lang='grc' dir='ltr'>ἑνωθείσα</span> <span class='ocrx_word' id='word_1_307' title='bbox 3747 2158 4032 2224; x_wconf 78' lang='grc' dir='ltr'>διαναστῇ,</span> 
     </span>
    </p>
   </div>
   <div class='ocr_carea' id='block_1_45' title="bbox 2450 2248 4035 2325">
    <p class='ocr_par' dir='ltr' id='par_1_45' title="bbox 2450 2248 4035 2325">
     <span class='ocr_line' id='line_1_45' title="bbox 2450 2248 4035 2325; baseline -0.004 -19"><span class='ocrx_word' id='word_1_308' title='bbox 2450 2255 2547 2306; x_wconf 73' lang='grc' dir='ltr'>κα)⁸</span> <span class='ocrx_word' id='word_1_309' title='bbox 2576 2248 2733 2317; x_wconf 80' lang='grc' dir='ltr'>αὖθις</span> <span class='ocrx_word' id='word_1_310' title='bbox 2754 2253 2847 2306; x_wconf 84' lang='grc' dir='ltr'>τοῦ</span> <span class='ocrx_word' id='word_1_311' title='bbox 2876 2254 3148 2324; x_wconf 84' lang='grc' dir='ltr'>συνήθους</span> <span class='ocrx_word' id='word_1_312' title='bbox 3203 2254 3460 2325; x_wconf 79' lang='grc' dir='ltr'>ἐλέγχους</span> <span class='ocrx_word' id='word_1_313' title='bbox 3505 2253 3803 2323; x_wconf 61' lang='grc' dir='ltr'>ἐφάψηται,</span> <span class='ocrx_word' id='word_1_314' title='bbox 3869 2250 4035 2317; x_wconf 70' lang='grc' dir='ltr'>αὑτὴν</span> 
     </span>
    </p>
   </div>
   <div class='ocr_carea' id='block_1_46' title="bbox 2455 2343 4033 2418">
    <p class='ocr_par' dir='ltr' id='par_1_46' title="bbox 2455 2343 4033 2418">
     <span class='ocr_line' id='line_1_46' title="bbox 2455 2343 4033 2418; baseline -0.005 -17"><span class='ocrx_word' id='word_1_315' title='bbox 2455 2348 2555 2417; x_wconf 85' lang='grc' dir='ltr'>μὲν</span> <span class='ocrx_word' id='word_1_316' title='bbox 2620 2350 2723 2417; x_wconf 78' lang='grc' dir='ltr'>γῆς</span> <span class='ocrx_word' id='word_1_317' title='bbox 2809 2347 3259 2418; x_wconf 84' lang='grc' dir='ltr'>ὲγκατακρύπτει</span> <span class='ocrx_word' id='word_1_318' title='bbox 3330 2350 3543 2416; x_wconf 81' lang='grc' dir='ltr'>μυχοῖς,</span> <span class='ocrx_word' id='word_1_319' title='bbox 3628 2346 3690 2397; x_wconf 81' lang='grc' dir='ltr'>τὸ</span> <span class='ocrx_word' id='word_1_320' title='bbox 3742 2345 3798 2397; x_wconf 82' lang='grc' dir='ltr'>δὲ</span> <span class='ocrx_word' id='word_1_321' title='bbox 3852 2343 4033 2396; x_wconf 73' lang='grc' dir='ltr'>λοιπὸν</span> 
     </span>
    </p>
   </div>
   <div class='ocr_carea' id='block_1_47' title="bbox 2448 2435 4037 2510">
    <p class='ocr_par' dir='ltr' id='par_1_47' title="bbox 2448 2435 4037 2510">
     <span class='ocr_line' id='line_1_47' title="bbox 2448 2435 4037 2510; baseline -0.004 -16"><span class='ocrx_word' id='word_1_322' title='bbox 2448 2442 2601 2508; x_wconf 82' lang='grc' dir='ltr'>ἆγιον</span> <span class='ocrx_word' id='word_1_323' title='bbox 2633 2440 2793 2509; x_wconf 82' lang='grc' dir='ltr'>σῶμα</span> <span class='ocrx_word' id='word_1_324' title='bbox 2827 2441 2876 2492; x_wconf 91' lang='grc' dir='ltr'>οί</span> <span class='ocrx_word' id='word_1_325' title='bbox 2920 2439 3161 2510; x_wconf 73' lang='grc' dir='ltr'>μαθηταὶ</span> <span class='ocrx_word' id='word_1_326' title='bbox 3180 2438 3435 2501; x_wconf 87' lang='grc' dir='ltr'>λαϐόντες</span> <span class='ocrx_word' id='word_1_327' title='bbox 3460 2439 3516 2490; x_wconf 81' lang='grc' dir='ltr'>ὲν</span> <span class='ocrx_word' id='word_1_328' title='bbox 3549 2440 3617 2505; x_wconf 83' lang='grc' dir='ltr'>γῇ</span> <span class='ocrx_word' id='word_1_329' title='bbox 3652 2435 4037 2504; x_wconf 61' lang='grc' dir='ltr'>κεκηδειὴιασι.</span> 
     </span>
    </p>
   </div>
   <div class='ocr_carea' id='block_1_48' title="bbox 766 2530 4038 2624">
    <p class='ocr_par' dir='ltr' id='par_1_48' title="bbox 766 2530 4038 2624">
     <span class='ocr_line' id='line_1_48' title="bbox 766 2530 4038 2624; baseline -0.015 -1"><span class='ocrx_word' id='word_1_330' title='bbox 766 2567 987 2622; x_wconf 85' lang='lat' dir='ltr'>tandem</span> <span class='ocrx_word' id='word_1_331' title='bbox 1043 2557 1305 2624; x_wconf 76' lang='lat' dir='ltr'>obtigisse</span> <span class='ocrx_word' id='word_1_332' title='bbox 1367 2552 1473 2606; x_wconf 87' lang='lat' dir='ltr'>sibi</span> <span class='ocrx_word' id='word_1_333' title='bbox 1519 2548 1771 2612; x_wconf 83' lang='lat' dir='ltr'>videret;</span> <span class='ocrx_word' id='word_1_334' title='bbox 1816 2552 1871 2598; x_wconf 87' lang='lat' dir='ltr'>et</span> <span class='ocrx_word' id='word_1_335' title='bbox 1934 2537 2162 2609; x_wconf 90' lang='lat' dir='ltr'>perinde</span> <span class='ocrx_word' id='word_1_336' title='bbox 2202 2548 2266 2588; x_wconf 89' lang='lat' dir='ltr'>ac</span> <span class='ocrx_word' id='word_1_337' title='bbox 2322 2541 2630 2593; x_wconf 75' lang='lat' dir='ltr'>vereretur,</span> <span class='ocrx_word' id='word_1_338' title='bbox 2679 2546 2746 2585; x_wconf 90' lang='lat' dir='ltr'>ne</span> <span class='ocrx_word' id='word_1_339' title='bbox 2784 2540 2950 2600; x_wconf 89' lang='lat' dir='ltr'>caput</span> <span class='ocrx_word' id='word_1_340' title='bbox 2998 2532 3125 2586; x_wconf 89' lang='lat' dir='ltr'>illud</span> <span class='ocrx_word' id='word_1_341' title='bbox 3177 2532 3386 2600; x_wconf 89' lang='lat' dir='ltr'>reliquo</span> <span class='ocrx_word' id='word_1_342' title='bbox 3444 2530 3799 2599; x_wconf 85' lang='lat' dir='ltr'>conjunctum</span> <span class='ocrx_word' id='word_1_343' title='bbox 3850 2541 4038 2594; x_wconf 79' lang='lat' dir='ltr'>corpo-</span> 
     </span>
    </p>
   </div>
   <div class='ocr_carea' id='block_1_49' title="bbox 767 2623 4039 2719">
    <p class='ocr_par' dir='ltr' id='par_1_49' title="bbox 767 2623 4039 2719">
     <span class='ocr_line' id='line_1_49' title="bbox 767 2623 4039 2719; baseline -0.014 -2"><span class='ocrx_word' id='word_1_344' title='bbox 767 2666 813 2717; x_wconf 88' lang='lat' dir='ltr'>ri</span> <span class='ocrx_word' id='word_1_345' title='bbox 855 2660 1321 2719; x_wconf 83' lang='lat' dir='ltr'>revivisceret,et</span> <span class='ocrx_word' id='word_1_346' title='bbox 1360 2656 1673 2704; x_wconf 83' lang='lat' dir='ltr'>:onsuetam</span> <span class='ocrx_word' id='word_1_347' title='bbox 1704 2636 2183 2709; x_wconf 85' lang='lat' dir='ltr'>reprehensionem</span> <span class='ocrx_word' id='word_1_348' title='bbox 2238 2644 2428 2684; x_wconf 83' lang='lat' dir='ltr'>rursus</span> <span class='ocrx_word' id='word_1_349' title='bbox 2469 2630 2813 2696; x_wconf 87' lang='lat' dir='ltr'>inceptaret,</span> <span class='ocrx_word' id='word_1_350' title='bbox 2879 2627 3058 2696; x_wconf 90' lang='lat' dir='ltr'>ipsum</span> <span class='ocrx_word' id='word_1_351' title='bbox 3139 2628 3358 2696; x_wconf 88' lang='lat' dir='ltr'>quidem</span> <span class='ocrx_word' id='word_1_352' title='bbox 3418 2626 3470 2679; x_wconf 89' lang='lat' dir='ltr'>in</span> <span class='ocrx_word' id='word_1_353' title='bbox 3526 2637 3682 2679; x_wconf 73' lang='lat' dir='ltr'>terra:</span> <span class='ocrx_word' id='word_1_354' title='bbox 3744 2623 4039 2677; x_wconf 79' lang='lat' dir='ltr'>visceribus</span> 
     </span>
    </p>
   </div>
   <div class='ocr_carea' id='block_1_50' title="bbox 763 2750 986 2820">
    <p class='ocr_par' dir='ltr' id='par_1_50' title="bbox 763 2750 986 2820">
     <span class='ocr_line' id='line_1_50' title="bbox 763 2750 986 2820; baseline -0.036 -7"><span class='ocrx_word' id='word_1_355' title='bbox 763 2750 942 2813; x_wconf 75' lang='lat' dir='ltr'>obruit</span> <span class='ocrx_word' id='word_1_356' title='bbox 971 2771 986 2820; x_wconf 91' lang='lat'>;</span> 
     </span>
    </p>
   </div>
   <div class='ocr_carea' id='block_1_51' title="bbox 835 2819 2343 2916">
    <p class='ocr_par' dir='ltr' id='par_1_51' title="bbox 835 2819 2343 2916">
     <span class='ocr_line' id='line_1_51' title="bbox 835 2819 2343 2916; baseline -0.022 -15"><span class='ocrx_word' id='word_1_357' title='bbox 835 2848 1004 2916; x_wconf 75' lang='lat' dir='ltr'>Igitur</span> <span class='ocrx_word' id='word_1_358' title='bbox 1039 2856 1161 2912; x_wconf 77' lang='lat' dir='ltr'>quae</span> <span class='ocrx_word' id='word_1_359' title='bbox 1211 2840 1277 2892; x_wconf 86' lang='lat' dir='ltr'>ad</span> <span class='ocrx_word' id='word_1_360' title='bbox 1328 2840 1579 2890; x_wconf 82' lang='lat' dir='ltr'>sanctum</span> <span class='ocrx_word' id='word_1_361' title='bbox 1633 2828 2033 2882; x_wconf 67' lang='lat' dir='ltr'>Praecursorem</span> <span class='ocrx_word' id='word_1_362' title='bbox 2087 2819 2343 2879; x_wconf 87' lang='lat' dir='ltr'>attinent,</span> 
     </span>
    </p>
   </div>
   <div class='ocr_carea' id='block_1_52' title="bbox 766 2911 2345 2997">
    <p class='ocr_par' dir='ltr' id='par_1_52' title="bbox 766 2911 2345 2997">
     <span class='ocr_line' id='line_1_52' title="bbox 766 2911 2345 2997; baseline -0.023 -2"><span class='ocrx_word' id='word_1_363' title='bbox 766 2911 1019 2995; x_wconf 65' lang='lat' dir='ltr'>ital‘acta</span> <span class='ocrx_word' id='word_1_364' title='bbox 1055 2911 1202 2989; x_wconf 85' lang='lat' dir='ltr'>sunt.</span> <span class='ocrx_word' id='word_1_365' title='bbox 1237 2927 1536 2997; x_wconf 89' lang='lat' dir='ltr'>Oportebat</span> <span class='ocrx_word' id='word_1_366' title='bbox 1562 2921 1820 2977; x_wconf 88' lang='lat' dir='ltr'>nimirum</span> <span class='ocrx_word' id='word_1_367' title='bbox 1848 2956 1863 2981; x_wconf 97' lang='lat'>,</span> <span class='ocrx_word' id='word_1_368' title='bbox 1905 2911 2192 2984; x_wconf 89' lang='lat' dir='ltr'>oportebat</span> <span class='ocrx_word' id='word_1_369' title='bbox 2221 2924 2345 2964; x_wconf 91' lang='lat' dir='ltr'>eum</span> 
     </span>
    </p>
   </div>
   <div class='ocr_carea' id='block_1_53' title="bbox 1042 2722 3330 2817">
    <p class='ocr_par' dir='ltr' id='par_1_53' title="bbox 1042 2722 3330 2817">
     <span class='ocr_line' id='line_1_53' title="bbox 1042 2722 3330 2817; baseline -0.013 -12"><span class='ocrx_word' id='word_1_370' title='bbox 1042 2750 1307 2817; x_wconf 88' lang='lat' dir='ltr'>reliquum</span> <span class='ocrx_word' id='word_1_371' title='bbox 1364 2756 1495 2798; x_wconf 84' lang='lat' dir='ltr'>vero</span> <span class='ocrx_word' id='word_1_372' title='bbox 1559 2745 1807 2796; x_wconf 88' lang='lat' dir='ltr'>sanctum</span> <span class='ocrx_word' id='word_1_373' title='bbox 1852 2744 2050 2799; x_wconf 91' lang='lat' dir='ltr'>corpus</span> <span class='ocrx_word' id='word_1_374' title='bbox 2094 2724 2344 2795; x_wconf 85' lang='lat' dir='ltr'>discipuli</span> <span class='ocrx_word' id='word_1_375' title='bbox 2388 2723 2648 2787; x_wconf 88' lang='lat' dir='ltr'>tulerunt,</span> <span class='ocrx_word' id='word_1_376' title='bbox 2684 2732 2738 2777; x_wconf 89' lang='lat' dir='ltr'>et</span> <span class='ocrx_word' id='word_1_377' title='bbox 2777 2724 2943 2778; x_wconf 88' lang='lat' dir='ltr'>humo</span> <span class='ocrx_word' id='word_1_378' title='bbox 2985 2722 3330 2775; x_wconf 88' lang='lat' dir='ltr'>mandarunt.</span> 
     </span>
    </p>
   </div>
   <div class='ocr_carea' id='block_1_54' title="bbox 2526 2805 4041 2885">
    <p class='ocr_par' dir='ltr' id='par_1_54' title="bbox 2526 2805 4041 2885">
     <span class='ocr_line' id='line_1_54' title="bbox 2526 2805 4041 2885; baseline -0.006 -17"><span class='ocrx_word' id='word_1_379' title='bbox 2526 2813 2607 2867; x_wconf 73' lang='grc' dir='ltr'>Τά</span> <span class='ocrx_word' id='word_1_380' title='bbox 2669 2814 2769 2885; x_wconf 83' lang='grc' dir='ltr'>μὲν</span> <span class='ocrx_word' id='word_1_381' title='bbox 2832 2809 2927 2867; x_wconf 78' lang='grc' dir='ltr'>οὖν</span> <span class='ocrx_word' id='word_1_382' title='bbox 2979 2814 3120 2867; x_wconf 88' lang='grc' dir='ltr'>κατὰ</span> <span class='ocrx_word' id='word_1_383' title='bbox 3186 2814 3279 2866; x_wconf 78' lang='grc' dir='ltr'>τὸν</span> <span class='ocrx_word' id='word_1_384' title='bbox 3338 2812 3483 2884; x_wconf 74' lang='grc' dir='ltr'>ἱερὸν</span> <span class='ocrx_word' id='word_1_385' title='bbox 3523 2810 3846 2881; x_wconf 88' lang='grc' dir='ltr'>Πρόδρομον</span> <span class='ocrx_word' id='word_1_386' title='bbox 3897 2805 4041 2861; x_wconf 71' lang='grc' dir='ltr'>οὕτω</span> 
     </span>
    </p>
   </div>
   <div class='ocr_carea' id='block_1_55' title="bbox 2458 2900 4045 2976">
    <p class='ocr_par' dir='ltr' id='par_1_55' title="bbox 2458 2900 4045 2976">
     <span class='ocr_line' id='line_1_55' title="bbox 2458 2900 4045 2976; baseline -0.004 -18"><span class='ocrx_word' id='word_1_387' title='bbox 2458 2906 2678 2976; x_wconf 79' lang='grc' dir='ltr'>συνέϐη.</span> <span class='ocrx_word' id='word_1_388' title='bbox 2711 2906 2858 2958; x_wconf 81' lang='grc' dir='ltr'>Ἔδει</span> <span class='ocrx_word' id='word_1_389' title='bbox 2881 2906 3011 2975; x_wconf 78' lang='grc' dir='ltr'>γὰρ,</span> <span class='ocrx_word' id='word_1_390' title='bbox 3040 2905 3145 2958; x_wconf 73' lang='grc' dir='ltr'>ἔδει</span> <span class='ocrx_word' id='word_1_391' title='bbox 3173 2904 3264 2957; x_wconf 81' lang='grc' dir='ltr'>τὸν</span> <span class='ocrx_word' id='word_1_392' title='bbox 3282 2908 3345 2956; x_wconf 74' lang='grc' dir='ltr'>ἐκ</span> <span class='ocrx_word' id='word_1_393' title='bbox 3365 2901 3658 2971; x_wconf 80' lang='grc' dir='ltr'>Λευῖτικῆς</span> <span class='ocrx_word' id='word_1_394' title='bbox 3686 2900 3889 2968; x_wconf 75' lang='grc' dir='ltr'>ὀσφύος</span> <span class='ocrx_word' id='word_1_395' title='bbox 3922 2916 4045 2966; x_wconf 69' lang='grc' dir='ltr'>γενο</span> 
     </span>
    </p>
   </div>
   <div class='ocr_carea' id='block_1_56' title="bbox 765 2992 2361 3099">
    <p class='ocr_par' dir='ltr' id='par_1_56' title="bbox 765 3009 2352 3099">
     <span class='ocr_line' id='line_1_56' title="bbox 765 3009 2352 3099; baseline -0.02 -15"><span class='ocrx_word' id='word_1_396' title='bbox 765 3032 855 3099; x_wconf 91' lang='lat' dir='ltr'>qui</span> <span class='ocrx_word' id='word_1_397' title='bbox 878 3038 994 3083; x_wconf 87' lang='lat' dir='ltr'>erat</span> <span class='ocrx_word' id='word_1_398' title='bbox 1013 3042 1076 3081; x_wconf 81' lang='lat' dir='ltr'>ex</span> <span class='ocrx_word' id='word_1_399' title='bbox 1104 3021 1349 3078; x_wconf 85' lang='lat' dir='ltr'>Levitico</span> <span class='ocrx_word' id='word_1_400' title='bbox 1365 3017 1570 3072; x_wconf 87' lang='lat' dir='ltr'>semine</span> <span class='ocrx_word' id='word_1_401' title='bbox 1586 3011 1687 3083; x_wconf 89' lang='lat'>(8),</span> <span class='ocrx_word' id='word_1_402' title='bbox 1723 3018 1775 3064; x_wconf 89' lang='lat' dir='ltr'>et</span> <span class='ocrx_word' id='word_1_403' title='bbox 1792 3023 1857 3063; x_wconf 82' lang='lat' dir='ltr'>ex</span> <span class='ocrx_word' id='word_1_404' title='bbox 1878 3014 2111 3073; x_wconf 90' lang='lat' dir='ltr'>utroque</span> <span class='ocrx_word' id='word_1_405' title='bbox 2129 3009 2352 3070; x_wconf 88' lang='lat' dir='ltr'>parente</span> 
     </span>
    </p>
   </div>
   <div class='ocr_carea' id='block_1_57' title="bbox 2462 2992 4046 3099">
    <p class='ocr_par' dir='ltr' id='par_1_57' title="bbox 2462 2992 4046 3066">
     <span class='ocr_line' id='line_1_57' title="bbox 2462 2992 4046 3066; baseline -0.007 -16"><span class='ocrx_word' id='word_1_406' title='bbox 2462 2997 2725 3066; x_wconf 80' lang='grc' dir='ltr'>νώμενον,</span> <span class='ocrx_word' id='word_1_407' title='bbox 2808 2998 2929 3049; x_wconf 83' lang='grc' dir='ltr'>κατ’</span> <span class='ocrx_word' id='word_1_408' title='bbox 2998 2998 3201 3066; x_wconf 76' lang='grc' dir='ltr'>ἀμφοῖν</span> <span class='ocrx_word' id='word_1_409' title='bbox 3262 2998 3374 3049; x_wconf 93' lang='grc' dir='ltr'>τοῖν</span> <span class='ocrx_word' id='word_1_410' title='bbox 3442 2995 3652 3061; x_wconf 84' lang='grc' dir='ltr'>γενεοῖν</span> <span class='ocrx_word' id='word_1_411' title='bbox 3715 2992 4046 3060; x_wconf 82' lang='grc' dir='ltr'>Ἀαρωνξτην</span> 
     </span>
    </p>
   </div>
   <div class='ocr_carea' id='block_1_58' title="bbox 768 3088 2351 3179">
    <p class='ocr_par' dir='ltr' id='par_1_58' title="bbox 768 3088 2351 3179">
     <span class='ocr_line' id='line_1_58' title="bbox 768 3088 2351 3179; baseline -0.021 -8"><span class='ocrx_word' id='word_1_412' title='bbox 768 3088 997 3170; x_wconf 69' lang='grc' dir='ltr'>Ᾱίιτοιιὶε</span> <span class='ocrx_word' id='word_1_413' title='bbox 1018 3113 1188 3179; x_wconf 84' lang='lat' dir='ltr'>stirpe</span> <span class='ocrx_word' id='word_1_414' title='bbox 1212 3115 1532 3179; x_wconf 82' lang='lat' dir='ltr'>pmguatus,</span> <span class='ocrx_word' id='word_1_415' title='bbox 1552 3113 1766 3155; x_wconf 87' lang='lat' dir='ltr'>sacrum</span> <span class='ocrx_word' id='word_1_416' title='bbox 1784 3096 2033 3150; x_wconf 87' lang='lat' dir='ltr'>indueret</span> <span class='ocrx_word' id='word_1_417' title='bbox 2047 3088 2351 3152; x_wconf 89' lang='lat' dir='ltr'>coccinum,</span> 
     </span>
    </p>
   </div>
   <div class='ocr_carea' id='block_1_59' title="bbox 767 3179 2360 3270">
    <p class='ocr_par' dir='ltr' id='par_1_59' title="bbox 767 3179 2360 3270">
     <span class='ocr_line' id='line_1_59' title="bbox 767 3179 2360 3270; baseline -0.02 -6"><span class='ocrx_word' id='word_1_418' title='bbox 767 3228 831 3264; x_wconf 80' lang='lat' dir='ltr'>ex</span> <span class='ocrx_word' id='word_1_419' title='bbox 859 3214 1073 3263; x_wconf 89' lang='lat' dir='ltr'>suomet</span> <span class='ocrx_word' id='word_1_420' title='bbox 1103 3200 1363 3270; x_wconf 83' lang='lat' dir='ltr'>sanguine</span> <span class='ocrx_word' id='word_1_421' title='bbox 1388 3196 1611 3250; x_wconf 88' lang='lat' dir='ltr'>tinctum</span> <span class='ocrx_word' id='word_1_422' title='bbox 1636 3201 1689 3244; x_wconf 89' lang='lat' dir='ltr'>et</span> <span class='ocrx_word' id='word_1_423' title='bbox 1710 3188 1800 3258; x_wconf 91' lang='lat' dir='ltr'>qui</span> <span class='ocrx_word' id='word_1_424' title='bbox 1828 3188 1968 3241; x_wconf 90' lang='lat' dir='ltr'>inter</span> <span class='ocrx_word' id='word_1_425' title='bbox 1989 3192 2146 3238; x_wconf 86' lang='lat' dir='ltr'>natos</span> <span class='ocrx_word' id='word_1_426' title='bbox 2169 3179 2360 3235; x_wconf 78' lang='lat' dir='ltr'>mulie-</span> 
     </span>
    </p>
   </div>
   <div class='ocr_carea' id='block_1_60' title="bbox 771 3272 2359 3365">
    <p class='ocr_par' dir='ltr' id='par_1_60' title="bbox 771 3272 2359 3365">
     <span class='ocr_line' id='line_1_60' title="bbox 771 3272 2359 3365; baseline -0.021 -8"><span class='ocrx_word' id='word_1_427' title='bbox 771 3318 888 3357; x_wconf 78' lang='lat' dir='ltr'>tum</span> <span class='ocrx_word' id='word_1_428' title='bbox 928 3297 1097 3365; x_wconf 83' lang='lat' dir='ltr'>major</span> <span class='ocrx_word' id='word_1_429' title='bbox 1139 3302 1280 3355; x_wconf 90' lang='lat' dir='ltr'>erat,</span> <span class='ocrx_word' id='word_1_430' title='bbox 1302 3293 1442 3344; x_wconf 89' lang='lat' dir='ltr'>inter</span> <span class='ocrx_word' id='word_1_431' title='bbox 1481 3300 1575 3342; x_wconf 86' lang='lat' dir='ltr'>eos</span> <span class='ocrx_word' id='word_1_432' title='bbox 1596 3286 1688 3356; x_wconf 90' lang='lat' dir='ltr'>qui</span> <span class='ocrx_word' id='word_1_433' title='bbox 1714 3279 1979 3351; x_wconf 80' lang='lat' dir='ltr'>sanguine</span> <span class='ocrx_word' id='word_1_434' title='bbox 1999 3272 2359 3332; x_wconf 87' lang='lat' dir='ltr'>consummati</span> 
     </span>
    </p>
   </div>
   <div class='ocr_carea' id='block_1_61' title="bbox 770 3365 2361 3456">
    <p class='ocr_par' dir='ltr' id='par_1_61' title="bbox 770 3365 2361 3456">
     <span class='ocr_line' id='line_1_61' title="bbox 770 3365 2361 3456; baseline -0.02 -6"><span class='ocrx_word' id='word_1_435' title='bbox 770 3407 918 3456; x_wconf 78' lang='lat' dir='ltr'>sunt,</span> <span class='ocrx_word' id='word_1_436' title='bbox 956 3408 1064 3446; x_wconf 93' lang='lat' dir='ltr'>non</span> <span class='ocrx_word' id='word_1_437' title='bbox 1110 3396 1257 3444; x_wconf 85' lang='lat' dir='ltr'>esset</span> <span class='ocrx_word' id='word_1_438' title='bbox 1283 3384 1481 3439; x_wconf 89' lang='lat' dir='ltr'>minor.</span> <span class='ocrx_word' id='word_1_439' title='bbox 1514 3381 1580 3434; x_wconf 87' lang='lat' dir='ltr'>Et</span> <span class='ocrx_word' id='word_1_440' title='bbox 1614 3378 1776 3433; x_wconf 89' lang='lat' dir='ltr'>sicuti</span> <span class='ocrx_word' id='word_1_441' title='bbox 1822 3382 2020 3430; x_wconf 63' lang='lat' dir='ltr'>caetera</span> <span class='ocrx_word' id='word_1_442' title='bbox 2066 3365 2361 3424; x_wconf 83' lang='lat' dir='ltr'>honorifica</span> 
     </span>
    </p>
   </div>
   <div class='ocr_carea' id='block_1_62' title="bbox 772 3466 2362 3546">
    <p class='ocr_par' dir='ltr' id='par_1_62' title="bbox 772 3466 2362 3546">
     <span class='ocr_line' id='line_1_62' title="bbox 772 3466 2362 3546; baseline -0.019 0"><span class='ocrx_word' id='word_1_443' title='bbox 772 3492 991 3546; x_wconf 87' lang='lat' dir='ltr'>nomina</span> <span class='ocrx_word' id='word_1_444' title='bbox 1028 3485 1253 3541; x_wconf 89' lang='lat' dir='ltr'>sortitus</span> <span class='ocrx_word' id='word_1_445' title='bbox 1284 3490 1390 3545; x_wconf 84' lang='lat' dir='ltr'>est,</span> <span class='ocrx_word' id='word_1_446' title='bbox 1415 3480 1487 3533; x_wconf 88' lang='lat' dir='ltr'>ita</span> <span class='ocrx_word' id='word_1_447' title='bbox 1510 3490 1687 3544; x_wconf 88' lang='lat' dir='ltr'>neque</span> <span class='ocrx_word' id='word_1_448' title='bbox 1710 3472 1865 3527; x_wconf 87' lang='lat' dir='ltr'>titulo</span> <span class='ocrx_word' id='word_1_449' title='bbox 1889 3466 2143 3539; x_wconf 84' lang='lat' dir='ltr'>martyris</span> <span class='ocrx_word' id='word_1_450' title='bbox 2169 3478 2362 3534; x_wconf 75' lang='lat' dir='ltr'>expers</span> 
     </span>
    </p>
   </div>
   <div class='ocr_carea' id='block_1_63' title="bbox 771 3558 2363 3647">
    <p class='ocr_par' dir='ltr' id='par_1_63' title="bbox 771 3558 2363 3647">
     <span class='ocr_line' id='line_1_63' title="bbox 771 3558 2363 3647; baseline -0.019 -8"><span class='ocrx_word' id='word_1_451' title='bbox 771 3592 935 3639; x_wconf 82' lang='lat' dir='ltr'>esset.</span> <span class='ocrx_word' id='word_1_452' title='bbox 966 3579 1094 3633; x_wconf 82' lang='lat' dir='ltr'>Abit</span> <span class='ocrx_word' id='word_1_453' title='bbox 1140 3576 1303 3647; x_wconf 87' lang='lat' dir='ltr'>igitur</span> <span class='ocrx_word' id='word_1_454' title='bbox 1342 3572 1504 3628; x_wconf 91' lang='lat' dir='ltr'>sicuti</span> <span class='ocrx_word' id='word_1_455' title='bbox 1540 3571 1598 3624; x_wconf 87' lang='lat' dir='ltr'>in</span> <span class='ocrx_word' id='word_1_456' title='bbox 1644 3567 1805 3622; x_wconf 86' lang='lat' dir='ltr'>terris</span> <span class='ocrx_word' id='word_1_457' title='bbox 1850 3563 2073 3627; x_wconf 81' lang='lat' dir='ltr'>fecerat,</span> <span class='ocrx_word' id='word_1_458' title='bbox 2107 3560 2180 3614; x_wconf 88' lang='lat' dir='ltr'>ita</span> <span class='ocrx_word' id='word_1_459' title='bbox 2225 3558 2363 3627; x_wconf 89' lang='lat' dir='ltr'>apud</span> 
     </span>
    </p>
   </div>
   <div class='ocr_carea' id='block_1_64' title="bbox 773 3651 2366 3731">
    <p class='ocr_par' dir='ltr' id='par_1_64' title="bbox 773 3651 2366 3731">
     <span class='ocr_line' id='line_1_64' title="bbox 773 3651 2366 3731; baseline -0.019 -1"><span class='ocrx_word' id='word_1_460' title='bbox 773 3674 978 3731; x_wconf 86' lang='lat' dir='ltr'>inferos</span> <span class='ocrx_word' id='word_1_461' title='bbox 1003 3670 1355 3725; x_wconf 89' lang='lat' dir='ltr'>nuntiaturus</span> <span class='ocrx_word' id='word_1_462' title='bbox 1386 3666 1677 3718; x_wconf 87' lang='lat' dir='ltr'>adventum</span> <span class='ocrx_word' id='word_1_463' title='bbox 1712 3656 1928 3712; x_wconf 88' lang='lat' dir='ltr'>Domini</span> <span class='ocrx_word' id='word_1_464' title='bbox 1958 3653 2066 3719; x_wconf 90' lang='lat' dir='ltr'>ille,</span> <span class='ocrx_word' id='word_1_465' title='bbox 2094 3651 2185 3721; x_wconf 90' lang='lat' dir='ltr'>qui</span> <span class='ocrx_word' id='word_1_466' title='bbox 2218 3660 2366 3703; x_wconf 86' lang='lat' dir='ltr'>vete-</span> 
     </span>
    </p>
   </div>
   <div class='ocr_carea' id='block_1_65' title="bbox 773 3742 2367 3835">
    <p class='ocr_par' dir='ltr' id='par_1_65' title="bbox 773 3742 2367 3835">
     <span class='ocr_line' id='line_1_65' title="bbox 773 3742 2367 3835; baseline -0.016 -14"><span class='ocrx_word' id='word_1_467' title='bbox 773 3769 849 3821; x_wconf 76' lang='lat' dir='ltr'>ris</span> <span class='ocrx_word' id='word_1_468' title='bbox 868 3766 1000 3835; x_wconf 75' lang='lat' dir='ltr'>legis</span> <span class='ocrx_word' id='word_1_469' title='bbox 1023 3764 1279 3825; x_wconf 79' lang='lat' dir='ltr'>cessatio,</span> <span class='ocrx_word' id='word_1_470' title='bbox 1304 3767 1356 3813; x_wconf 91' lang='lat' dir='ltr'>et</span> <span class='ocrx_word' id='word_1_471' title='bbox 1380 3755 1705 3828; x_wconf 87' lang='lat' dir='ltr'>principium</span> <span class='ocrx_word' id='word_1_472' title='bbox 1723 3749 1933 3807; x_wconf 78' lang='lat' dir='ltr'>exstitit</span> <span class='ocrx_word' id='word_1_473' title='bbox 1958 3760 2132 3808; x_wconf 68' lang='lat' dir='ltr'>novae,</span> <span class='ocrx_word' id='word_1_474' title='bbox 2159 3742 2367 3796; x_wconf 88' lang='lat' dir='ltr'>medius</span> 
     </span>
    </p>
   </div>
   <div class='ocr_carea' id='block_1_66' title="bbox 772 3839 2366 3923">
    <p class='ocr_par' dir='ltr' id='par_1_66' title="bbox 772 3839 2366 3923">
     <span class='ocr_line' id='line_1_66' title="bbox 772 3839 2366 3923; baseline -0.017 -9"><span class='ocrx_word' id='word_1_475' title='bbox 772 3863 919 3914; x_wconf 90' lang='lat' dir='ltr'>inter</span> <span class='ocrx_word' id='word_1_476' title='bbox 945 3867 1253 3923; x_wconf 87' lang='lat' dir='ltr'>utramque,</span> <span class='ocrx_word' id='word_1_477' title='bbox 1280 3866 1409 3916; x_wconf 80' lang='lat' dir='ltr'>vox,</span> <span class='ocrx_word' id='word_1_478' title='bbox 1448 3849 1691 3910; x_wconf 88' lang='lat' dir='ltr'>lucerna,</span> <span class='ocrx_word' id='word_1_479' title='bbox 1719 3841 1936 3905; x_wconf 87' lang='lat' dir='ltr'>lucifer,</span> <span class='ocrx_word' id='word_1_480' title='bbox 1963 3839 2208 3910; x_wconf 82' lang='lat' dir='ltr'>angelus,</span> <span class='ocrx_word' id='word_1_481' title='bbox 2235 3851 2366 3905; x_wconf 85' lang='lat' dir='ltr'>apo-</span> 
     </span>
    </p>
   </div>
   <div class='ocr_carea' id='block_1_67' title="bbox 774 3929 2365 4014">
    <p class='ocr_par' dir='ltr' id='par_1_67' title="bbox 774 3929 2365 4014">
     <span class='ocr_line' id='line_1_67' title="bbox 774 3929 2365 4014; baseline -0.018 -8"><span class='ocrx_word' id='word_1_482' title='bbox 774 3954 967 4014; x_wconf 90' lang='lat' dir='ltr'>stolus,</span> <span class='ocrx_word' id='word_1_483' title='bbox 996 3948 1231 4010; x_wconf 81' lang='lat' dir='ltr'>Levites,</span> <span class='ocrx_word' id='word_1_484' title='bbox 1257 3941 1564 4004; x_wconf 79' lang='lat' dir='ltr'>Aaronites,</span> <span class='ocrx_word' id='word_1_485' title='bbox 1588 3936 1870 4006; x_wconf 84' lang='lat' dir='ltr'>propheta,</span> <span class='ocrx_word' id='word_1_486' title='bbox 1891 3934 2151 3987; x_wconf 91' lang='lat' dir='ltr'>montium</span> <span class='ocrx_word' id='word_1_487' title='bbox 2169 3929 2365 3990; x_wconf 83' lang='lat' dir='ltr'>cultor,</span> 
     </span>
    </p>
   </div>
   <div class='ocr_carea' id='block_1_68' title="bbox 775 4028 2372 4118">
    <p class='ocr_par' dir='ltr' id='par_1_68' title="bbox 775 4028 2372 4118">
     <span class='ocr_line' id='line_1_68' title="bbox 775 4028 2372 4118; baseline -0.018 -15"><span class='ocrx_word' id='word_1_488' title='bbox 775 4049 1012 4118; x_wconf 62' lang='lat' dir='ltr'>Baptism</span> <span class='ocrx_word' id='word_1_489' title='bbox 1046 4058 1242 4115; x_wconf 61' lang='lat' dir='ltr'>praeco,</span> <span class='ocrx_word' id='word_1_490' title='bbox 1294 4050 1624 4108; x_wconf 81' lang='lat' dir='ltr'>praecursor,</span> <span class='ocrx_word' id='word_1_491' title='bbox 1662 4036 1835 4101; x_wconf 81' lang='lat' dir='ltr'>virgo,</span> <span class='ocrx_word' id='word_1_492' title='bbox 1877 4028 2206 4097; x_wconf 69' lang='lat' dir='ltr'>ptenitentiaa</span> <span class='ocrx_word' id='word_1_493' title='bbox 2255 4038 2372 4076; x_wconf 82' lang='lat' dir='ltr'>ma-</span> 
     </span>
    </p>
   </div>
   <div class='ocr_carea' id='block_1_69' title="bbox 777 4116 2367 4212">
    <p class='ocr_par' dir='ltr' id='par_1_69' title="bbox 777 4116 2367 4212">
     <span class='ocr_line' id='line_1_69' title="bbox 777 4116 2367 4212; baseline -0.017 -18"><span class='ocrx_word' id='word_1_494' title='bbox 777 4116 964 4212; x_wconf 15' lang='lat' dir='ltr'>gis‘ter,</span> <span class='ocrx_word' id='word_1_495' title='bbox 995 4137 1293 4203; x_wconf 68' lang='lat' dir='ltr'>castigator</span> <span class='ocrx_word' id='word_1_496' title='bbox 1319 4129 1545 4200; x_wconf 90' lang='lat' dir='ltr'>peccati,</span> <span class='ocrx_word' id='word_1_497' title='bbox 1585 4134 1826 4193; x_wconf 87' lang='lat' dir='ltr'>martyr;</span> <span class='ocrx_word' id='word_1_498' title='bbox 1862 4123 1965 4175; x_wconf 86' lang='lat' dir='ltr'>hoc</span> <span class='ocrx_word' id='word_1_499' title='bbox 2016 4119 2159 4172; x_wconf 84' lang='lat' dir='ltr'>enim</span> <span class='ocrx_word' id='word_1_500' title='bbox 2202 4116 2367 4169; x_wconf 83' lang='lat' dir='ltr'>veluti</span> 
     </span>
    </p>
   </div>
   <div class='ocr_carea' id='block_1_70' title="bbox 779 4215 2109 4303">
    <p class='ocr_par' dir='ltr' id='par_1_70' title="bbox 779 4215 2109 4303">
     <span class='ocr_line' id='line_1_70' title="bbox 779 4215 2109 4303; baseline -0.017 -17"><span class='ocrx_word' id='word_1_501' title='bbox 779 4234 1011 4303; x_wconf 81' lang='lat' dir='ltr'>sigillum</span> <span class='ocrx_word' id='word_1_502' title='bbox 1064 4229 1277 4284; x_wconf 61' lang='lat' dir='ltr'>caeteris</span> <span class='ocrx_word' id='word_1_503' title='bbox 1312 4222 1624 4279; x_wconf 86' lang='lat' dir='ltr'>nominibus</span> <span class='ocrx_word' id='word_1_504' title='bbox 1656 4229 1739 4273; x_wconf 89' lang='lat' dir='ltr'>est</span> <span class='ocrx_word' id='word_1_505' title='bbox 1773 4215 2109 4285; x_wconf 88' lang='lat' dir='ltr'>appositum.</span> 
     </span>
    </p>
   </div>
   <div class='ocr_carea' id='block_1_71' title="bbox 849 4364 2439 4454">
    <p class='ocr_par' dir='ltr' id='par_1_71' title="bbox 849 4364 2439 4454">
     <span class='ocr_line' id='line_1_71' title="bbox 849 4364 2439 4454; baseline -0.016 -9"><span class='ocrx_word' id='word_1_506' title='bbox 849 4390 960 4445; x_wconf 87' lang='lat' dir='ltr'>Nos</span> <span class='ocrx_word' id='word_1_507' title='bbox 1011 4404 1161 4454; x_wconf 84' lang='lat' dir='ltr'>vero,</span> <span class='ocrx_word' id='word_1_508' title='bbox 1214 4402 1245 4441; x_wconf 95' lang='lat' dir='ltr'>o</span> <span class='ocrx_word' id='word_1_509' title='bbox 1304 4384 1617 4439; x_wconf 85' lang='lat' dir='ltr'>Christiana</span> <span class='ocrx_word' id='word_1_510' title='bbox 1672 4377 1886 4441; x_wconf 88' lang='lat' dir='ltr'>concio,</span> <span class='ocrx_word' id='word_1_511' title='bbox 1945 4387 2160 4430; x_wconf 86' lang='lat' dir='ltr'>sacrum</span> <span class='ocrx_word' id='word_1_512' title='bbox 2218 4370 2362 4425; x_wconf 58' lang='lat' dir='ltr'>illius</span> <span class='ocrx_word' id='word_1_513' title='bbox 2394 4364 2439 4419; x_wconf 90' lang='lat' dir='ltr'><strong>D</strong></span> 
     </span>
    </p>
   </div>
   <div class='ocr_carea' id='block_1_72' title="bbox 780 4466 2370 4553">
    <p class='ocr_par' dir='ltr' id='par_1_72' title="bbox 780 4466 2370 4553">
     <span class='ocr_line' id='line_1_72' title="bbox 780 4466 2370 4553; baseline -0.014 -15"><span class='ocrx_word' id='word_1_514' title='bbox 780 4482 1102 4553; x_wconf 83' lang='lat' dir='ltr'>martyrium</span> <span class='ocrx_word' id='word_1_515' title='bbox 1142 4477 1498 4549; x_wconf 86' lang='lat' dir='ltr'>spiritualiter</span> <span class='ocrx_word' id='word_1_516' title='bbox 1529 4473 1911 4533; x_wconf 87' lang='lat' dir='ltr'>celebremus;</span> <span class='ocrx_word' id='word_1_517' title='bbox 1951 4466 2220 4534; x_wconf 89' lang='lat' dir='ltr'>nobisque</span> <span class='ocrx_word' id='word_1_518' title='bbox 2254 4478 2370 4516; x_wconf 89' lang='lat' dir='ltr'>ma-</span> 
     </span>
    </p>
   </div>
   <div class='ocr_carea' id='block_1_73' title="bbox 782 4560 2368 4638">
    <p class='ocr_par' dir='ltr' id='par_1_73' title="bbox 782 4560 2368 4638">
     <span class='ocr_line' id='line_1_73' title="bbox 782 4560 2368 4638; baseline -0.015 -5"><span class='ocrx_word' id='word_1_519' title='bbox 782 4580 928 4633; x_wconf 62' lang='lat' dir='ltr'>xime</span> <span class='ocrx_word' id='word_1_520' title='bbox 962 4588 1282 4638; x_wconf 84' lang='lat' dir='ltr'>caveamus,</span> <span class='ocrx_word' id='word_1_521' title='bbox 1317 4585 1382 4623; x_wconf 89' lang='lat' dir='ltr'>ne</span> <span class='ocrx_word' id='word_1_522' title='bbox 1425 4571 1567 4623; x_wconf 90' lang='lat' dir='ltr'>idem</span> <span class='ocrx_word' id='word_1_523' title='bbox 1619 4565 1764 4634; x_wconf 89' lang='lat' dir='ltr'>quod</span> <span class='ocrx_word' id='word_1_524' title='bbox 1808 4560 2008 4616; x_wconf 84' lang='lat' dir='ltr'>Herodi</span> <span class='ocrx_word' id='word_1_525' title='bbox 2070 4560 2368 4626; x_wconf 84' lang='lat' dir='ltr'>contingat.</span> 
     </span>
    </p>
   </div>
   <div class='ocr_carea' id='block_1_74' title="bbox 781 4650 2373 4741">
    <p class='ocr_par' dir='ltr' id='par_1_74' title="bbox 781 4650 2373 4741">
     <span class='ocr_line' id='line_1_74' title="bbox 781 4650 2373 4741; baseline -0.016 -12"><span class='ocrx_word' id='word_1_526' title='bbox 781 4670 1059 4741; x_wconf 81' lang='lat' dir='ltr'>Contingit</span> <span class='ocrx_word' id='word_1_527' title='bbox 1086 4669 1231 4723; x_wconf 88' lang='lat' dir='ltr'>enim</span> <span class='ocrx_word' id='word_1_528' title='bbox 1262 4663 1507 4729; x_wconf 90' lang='lat' dir='ltr'>omnino,</span> <span class='ocrx_word' id='word_1_529' title='bbox 1538 4671 1593 4716; x_wconf 92' lang='lat' dir='ltr'>et</span> <span class='ocrx_word' id='word_1_530' title='bbox 1620 4660 1664 4713; x_wconf 91' lang='lat' dir='ltr'>si</span> <span class='ocrx_word' id='word_1_531' title='bbox 1712 4659 1821 4713; x_wconf 87' lang='lat' dir='ltr'>alio</span> <span class='ocrx_word' id='word_1_532' title='bbox 1854 4658 2014 4710; x_wconf 89' lang='lat' dir='ltr'>modo</span> <span class='ocrx_word' id='word_1_533' title='bbox 2049 4654 2117 4707; x_wconf 86' lang='lat' dir='ltr'>iis</span> <span class='ocrx_word' id='word_1_534' title='bbox 2154 4653 2245 4721; x_wconf 91' lang='lat' dir='ltr'>qui</span> <span class='ocrx_word' id='word_1_535' title='bbox 2271 4650 2373 4704; x_wconf 89' lang='lat' dir='ltr'>sibi</span> 
     </span>
    </p>
   </div>
   <div class='ocr_carea' id='block_1_75' title="bbox 785 4747 2378 4827">
    <p class='ocr_par' dir='ltr' id='par_1_75' title="bbox 785 4747 2378 4827">
     <span class='ocr_line' id='line_1_75' title="bbox 785 4747 2378 4827; baseline -0.015 -7"><span class='ocrx_word' id='word_1_536' title='bbox 785 4768 997 4820; x_wconf 92' lang='lat' dir='ltr'>intento</span> <span class='ocrx_word' id='word_1_537' title='bbox 1050 4764 1233 4816; x_wconf 85' lang='lat' dir='ltr'>animo</span> <span class='ocrx_word' id='word_1_538' title='bbox 1288 4774 1393 4813; x_wconf 91' lang='lat' dir='ltr'>non</span> <span class='ocrx_word' id='word_1_539' title='bbox 1457 4754 1824 4827; x_wconf 88' lang='lat' dir='ltr'>prospiciunt.</span> <span class='ocrx_word' id='word_1_540' title='bbox 1878 4748 1976 4804; x_wconf 84' lang='lat' dir='ltr'>Ubi</span> <span class='ocrx_word' id='word_1_541' title='bbox 2022 4747 2166 4801; x_wconf 88' lang='lat' dir='ltr'>enim</span> <span class='ocrx_word' id='word_1_542' title='bbox 2226 4758 2378 4797; x_wconf 89' lang='lat' dir='ltr'>mens</span> 
     </span>
    </p>
   </div>
   <div class='ocr_carea' id='block_1_76' title="bbox 785 4836 2374 4923">
    <p class='ocr_par' dir='ltr' id='par_1_76' title="bbox 785 4836 2374 4923">
     <span class='ocr_line' id='line_1_76' title="bbox 785 4836 2374 4923; baseline -0.015 -11"><span class='ocrx_word' id='word_1_543' title='bbox 785 4861 952 4913; x_wconf 83' lang='lat' dir='ltr'>tiliam</span> <span class='ocrx_word' id='word_1_544' title='bbox 1015 4856 1156 4923; x_wconf 81' lang='lat' dir='ltr'>regis</span> <span class='ocrx_word' id='word_1_545' title='bbox 1189 4854 1366 4906; x_wconf 81' lang='lat' dir='ltr'>Aretae</span> <span class='ocrx_word' id='word_1_546' title='bbox 1416 4865 1479 4904; x_wconf 72' lang='lat' dir='ltr'>ex</span> <span class='ocrx_word' id='word_1_547' title='bbox 1515 4848 1697 4902; x_wconf 88' lang='lat' dir='ltr'>divina</span> <span class='ocrx_word' id='word_1_548' title='bbox 1742 4844 1843 4898; x_wconf 86' lang='lat' dir='ltr'>sibi</span> <span class='ocrx_word' id='word_1_549' title='bbox 1892 4840 2200 4910; x_wconf 85' lang='lat' dir='ltr'>copulatam</span> <span class='ocrx_word' id='word_1_550' title='bbox 2255 4836 2374 4904; x_wconf 79' lang='lat' dir='ltr'>lege</span> 
     </span>
    </p>
   </div>
   <div class='ocr_carea' id='block_1_77' title="bbox 785 4928 2368 5010">
    <p class='ocr_par' dir='ltr' id='par_1_77' title="bbox 785 4928 2368 5010">
     <span class='ocr_line' id='line_1_77' title="bbox 785 4928 2368 5010; baseline -0.017 -4"><span class='ocrx_word' id='word_1_551' title='bbox 785 4953 948 5006; x_wconf 72' lang='lat' dir='ltr'>fuerit</span> <span class='ocrx_word' id='word_1_552' title='bbox 1009 4956 1300 5003; x_wconf 81' lang='lat' dir='ltr'>aversata:</span> <span class='ocrx_word' id='word_1_553' title='bbox 1347 4942 1605 5010; x_wconf 81' lang='lat' dir='ltr'>intelligis</span> <span class='ocrx_word' id='word_1_554' title='bbox 1658 4951 1850 5006; x_wconf 91' lang='lat' dir='ltr'>porrro</span> <span class='ocrx_word' id='word_1_555' title='bbox 1894 4933 1984 4987; x_wconf 77' lang='grc' dir='ltr'>διὰ</span> <span class='ocrx_word' id='word_1_556' title='bbox 2037 4930 2133 4984; x_wconf 79' lang='grc' dir='ltr'>τοῦ</span> <span class='ocrx_word' id='word_1_557' title='bbox 2166 4928 2368 4999; x_wconf 79' lang='grc' dir='ltr'>Ἀρέτα</span> 
     </span>
    </p>
   </div>
   <div class='ocr_carea' id='block_1_78' title="bbox 782 5024 2369 5115">
    <p class='ocr_par' dir='ltr' id='par_1_78' title="bbox 782 5024 2369 5115">
     <span class='ocr_line' id='line_1_78' title="bbox 782 5024 2369 5115; baseline -0.012 -21"><span class='ocrx_word' id='word_1_558' title='bbox 782 5048 883 5115; x_wconf 69' lang='grc' dir='ltr'>τὴν</span> <span class='ocrx_word' id='word_1_559' title='bbox 935 5040 1138 5115; x_wconf 76' lang='grc' dir='ltr'>ἀρετὴν</span> <span class='ocrx_word' id='word_1_560' title='bbox 1192 5054 1287 5109; x_wconf 90' lang='lat' dir='ltr'>per</span> <span class='ocrx_word' id='word_1_561' title='bbox 1371 5037 1590 5089; x_wconf 83' lang='lat' dir='ltr'>Aretam</span> <span class='ocrx_word' id='word_1_562' title='bbox 1642 5031 1856 5085; x_wconf 88' lang='lat' dir='ltr'>scilicet</span> <span class='ocrx_word' id='word_1_563' title='bbox 1912 5030 2201 5081; x_wconf 81' lang='lat' dir='ltr'>virtutem:</span> <span class='ocrx_word' id='word_1_564' title='bbox 2256 5024 2369 5076; x_wconf 64' lang='lat' dir='ltr'>haec</span> 
     </span>
    </p>
   </div>
   <div class='ocr_carea' id='block_1_79' title="bbox 785 5119 2370 5192">
    <p class='ocr_par' dir='ltr' id='par_1_79' title="bbox 785 5119 2370 5192">
     <span class='ocr_line' id='line_1_79' title="bbox 785 5119 2370 5192; baseline -0.017 -1"><span class='ocrx_word' id='word_1_565' title='bbox 785 5138 928 5192; x_wconf 89' lang='lat' dir='ltr'>enim</span> <span class='ocrx_word' id='word_1_566' title='bbox 994 5130 1379 5189; x_wconf 71' lang='lat' dir='ltr'>honeStissima</span> <span class='ocrx_word' id='word_1_567' title='bbox 1433 5136 1486 5181; x_wconf 88' lang='lat' dir='ltr'>et</span> <span class='ocrx_word' id='word_1_568' title='bbox 1538 5123 1803 5177; x_wconf 86' lang='lat' dir='ltr'>naturalis</span> <span class='ocrx_word' id='word_1_569' title='bbox 1858 5119 2054 5173; x_wconf 81' lang='lat' dir='ltr'>mentis</span> <span class='ocrx_word' id='word_1_570' title='bbox 2103 5123 2189 5171; x_wconf 90' lang='lat' dir='ltr'>est</span> <span class='ocrx_word' id='word_1_571' title='bbox 2240 5128 2370 5167; x_wconf 85' lang='lat' dir='ltr'>con-</span> 
     </span>
    </p>
   </div>
   <div class='ocr_carea' id='block_1_80' title="bbox 782 5207 2367 5299">
    <p class='ocr_par' dir='ltr' id='par_1_80' title="bbox 782 5207 2367 5299">
     <span class='ocr_line' id='line_1_80' title="bbox 782 5207 2367 5299; baseline -0.015 -18"><span class='ocrx_word' id='word_1_572' title='bbox 782 5231 916 5299; x_wconf 79' lang='lat' dir='ltr'>jux;</span> <span class='ocrx_word' id='word_1_573' title='bbox 972 5225 1059 5279; x_wconf 91' lang='lat' dir='ltr'>ubi</span> <span class='ocrx_word' id='word_1_574' title='bbox 1113 5222 1275 5292; x_wconf 83' lang='lat' dir='ltr'>igitur</span> <span class='ocrx_word' id='word_1_575' title='bbox 1329 5220 1469 5273; x_wconf 85' lang='lat' dir='ltr'>hanc</span> <span class='ocrx_word' id='word_1_576' title='bbox 1519 5214 1861 5283; x_wconf 82' lang='lat' dir='ltr'>repudiarit,</span> <span class='ocrx_word' id='word_1_577' title='bbox 1913 5221 1967 5264; x_wconf 90' lang='lat' dir='ltr'>et</span> <span class='ocrx_word' id='word_1_578' title='bbox 2014 5207 2367 5262; x_wconf 87' lang='lat' dir='ltr'>vitiositatem</span> 
     </span>
    </p>
   </div>
   <div class='ocr_carea' id='block_1_81' title="bbox 786 5298 2366 5380">
    <p class='ocr_par' dir='ltr' id='par_1_81' title="bbox 786 5298 2366 5380">
     <span class='ocr_line' id='line_1_81' title="bbox 786 5298 2366 5380; baseline -0.015 -6"><span class='ocrx_word' id='word_1_579' title='bbox 786 5328 845 5374; x_wconf 89' lang='lat' dir='ltr'>ut</span> <span class='ocrx_word' id='word_1_580' title='bbox 897 5318 1219 5380; x_wconf 84' lang='lat' dir='ltr'>adulteram,</span> <span class='ocrx_word' id='word_1_581' title='bbox 1248 5323 1408 5380; x_wconf 88' lang='lat' dir='ltr'>atque</span> <span class='ocrx_word' id='word_1_582' title='bbox 1455 5307 1808 5364; x_wconf 85' lang='lat' dir='ltr'>adventitiam</span> <span class='ocrx_word' id='word_1_583' title='bbox 1851 5318 2037 5356; x_wconf 87' lang='lat' dir='ltr'>amore</span> <span class='ocrx_word' id='word_1_584' title='bbox 2086 5298 2366 5367; x_wconf 78' lang='lat' dir='ltr'>complexa</span> 
     </span>
    </p>
   </div>
   <div class='ocr_carea' id='block_1_82' title="bbox 785 5393 2369 5476">
    <p class='ocr_par' dir='ltr' id='par_1_82' title="bbox 785 5393 2369 5476">
     <span class='ocr_line' id='line_1_82' title="bbox 785 5393 2369 5476; baseline -0.015 -11"><span class='ocrx_word' id='word_1_585' title='bbox 785 5412 970 5476; x_wconf 84' lang='lat' dir='ltr'>fuerit,</span> <span class='ocrx_word' id='word_1_586' title='bbox 1004 5409 1092 5462; x_wconf 87' lang='lat' dir='ltr'>ubi</span> <span class='ocrx_word' id='word_1_587' title='bbox 1143 5406 1399 5461; x_wconf 86' lang='lat' dir='ltr'>nimirum</span> <span class='ocrx_word' id='word_1_588' title='bbox 1445 5417 1503 5457; x_wconf 91' lang='lat' dir='ltr'>se</span> <span class='ocrx_word' id='word_1_589' title='bbox 1558 5398 1807 5467; x_wconf 88' lang='lat' dir='ltr'>corporis</span> <span class='ocrx_word' id='word_1_590' title='bbox 1865 5393 2237 5463; x_wconf 85' lang='lat' dir='ltr'>voluptatibus</span> <span class='ocrx_word' id='word_1_591' title='bbox 2288 5393 2369 5443; x_wconf 89' lang='lat' dir='ltr'>iu-</span> 
     </span>
    </p>
   </div>
   <div class='ocr_carea' id='block_1_83' title="bbox 784 5484 2369 5572">
    <p class='ocr_par' dir='ltr' id='par_1_83' title="bbox 784 5484 2369 5572">
     <span class='ocr_line' id='line_1_83' title="bbox 784 5484 2369 5572; baseline -0.013 -17"><span class='ocrx_word' id='word_1_592' title='bbox 784 5501 1089 5572; x_wconf 78' lang='lat' dir='ltr'>gurgitarit,</span> <span class='ocrx_word' id='word_1_593' title='bbox 1148 5509 1274 5552; x_wconf 90' lang='lat' dir='ltr'>tunc</span> <span class='ocrx_word' id='word_1_594' title='bbox 1334 5495 1474 5550; x_wconf 86' lang='lat' dir='ltr'>alter</span> <span class='ocrx_word' id='word_1_595' title='bbox 1526 5491 1765 5546; x_wconf 87' lang='lat' dir='ltr'>Herodes</span> <span class='ocrx_word' id='word_1_596' title='bbox 1820 5490 2074 5543; x_wconf 79' lang='lat' dir='ltr'>edicitur.</span> <span class='ocrx_word' id='word_1_597' title='bbox 2128 5484 2369 5538; x_wconf 78' lang='lat' dir='ltr'>llerodes</span> 
     </span>
    </p>
   </div>
   <div class='ocr_carea' id='block_1_84' title="bbox 851 5648 1421 5715">
    <p class='ocr_par' dir='ltr' id='par_1_84' title="bbox 851 5648 1421 5715">
     <span class='ocr_line' id='line_1_84' title="bbox 851 5648 1421 5715; baseline -0.011 -8"><span class='ocrx_word' id='word_1_598' title='bbox 851 5655 901 5689; x_wconf 49' lang='lat'>&quot;3</span> <span class='ocrx_word' id='word_1_599' title='bbox 936 5651 1080 5708; x_wconf 87' lang='lat' dir='ltr'>Psal.</span> <span class='ocrx_word' id='word_1_600' title='bbox 1116 5665 1305 5715; x_wconf 71' lang='lat' dir='ltr'>xum,</span> <span class='ocrx_word' id='word_1_601' title='bbox 1338 5648 1421 5702; x_wconf 81' lang='lat' dir='ltr'>l3.</span> 
     </span>
    </p>
   </div>
   <div class='ocr_carea' id='block_1_85' title="bbox 2461 3085 4049 3158">
    <p class='ocr_par' dir='ltr' id='par_1_85' title="bbox 2461 3085 4049 3158">
     <span class='ocr_line' id='line_1_85' title="bbox 2461 3085 4049 3158; baseline -0.005 -18"><span class='ocrx_word' id='word_1_602' title='bbox 2461 3087 2786 3158; x_wconf 83' lang='grc' dir='ltr'>ὑπάρξαντα</span> <span class='ocrx_word' id='word_1_603' title='bbox 2838 3089 2960 3150; x_wconf 87' lang='grc' dir='ltr'>ταῖς</span> <span class='ocrx_word' id='word_1_604' title='bbox 2995 3088 3053 3153; x_wconf 78' lang='grc' dir='ltr'>ἐξ</span> <span class='ocrx_word' id='word_1_605' title='bbox 3089 3086 3339 3156; x_wconf 82' lang='grc' dir='ltr'>αίμάτων</span> <span class='ocrx_word' id='word_1_606' title='bbox 3374 3086 3575 3155; x_wconf 74' lang='grc' dir='ltr'>βαφαῖς</span> <span class='ocrx_word' id='word_1_607' title='bbox 3599 3085 3659 3136; x_wconf 81' lang='grc' dir='ltr'>τὸ</span> <span class='ocrx_word' id='word_1_608' title='bbox 3718 3086 3865 3152; x_wconf 73' lang='grc' dir='ltr'>ίερδν</span> <span class='ocrx_word' id='word_1_609' title='bbox 3892 3098 4049 3151; x_wconf 79' lang='grc' dir='ltr'>περιο</span> 
     </span>
    </p>
   </div>
   <div class='ocr_carea' id='block_1_86' title="bbox 2462 3176 4046 3251">
    <p class='ocr_par' dir='ltr' id='par_1_86' title="bbox 2462 3176 4046 3251">
     <span class='ocr_line' id='line_1_86' title="bbox 2462 3176 4046 3251; baseline -0.005 -19"><span class='ocrx_word' id='word_1_610' title='bbox 2462 3180 2849 3251; x_wconf 80' lang='grc' dir='ltr'>χλαινίσασθαι</span> <span class='ocrx_word' id='word_1_611' title='bbox 2884 3181 3167 3243; x_wconf 77' lang='grc' dir='ltr'>κόκκινον,</span> <span class='ocrx_word' id='word_1_612' title='bbox 3195 3179 3289 3230; x_wconf 69' lang='grc' dir='ltr'>καὶ</span> <span class='ocrx_word' id='word_1_613' title='bbox 3313 3180 3404 3229; x_wconf 76' lang='grc' dir='ltr'>τὸν</span> <span class='ocrx_word' id='word_1_614' title='bbox 3427 3178 3652 3246; x_wconf 78' lang='grc' dir='ltr'>μείζονα</span> <span class='ocrx_word' id='word_1_615' title='bbox 3677 3177 3735 3226; x_wconf 82' lang='grc' dir='ltr'>ἐν</span> <span class='ocrx_word' id='word_1_616' title='bbox 3765 3176 4046 3243; x_wconf 75' lang='grc' dir='ltr'>γεννητοῖς</span> 
     </span>
    </p>
   </div>
   <div class='ocr_carea' id='block_1_87' title="bbox 2462 3268 4050 3341">
    <p class='ocr_par' dir='ltr' id='par_1_87' title="bbox 2462 3268 4050 3341">
     <span class='ocr_line' id='line_1_87' title="bbox 2462 3268 4050 3341; baseline -0.004 -16"><span class='ocrx_word' id='word_1_617' title='bbox 2462 3274 2763 3341; x_wconf 81' lang='grc' dir='ltr'>γυναικῶν,</span> <span class='ocrx_word' id='word_1_618' title='bbox 2804 3272 2929 3341; x_wconf 81' lang='grc' dir='ltr'>μηδ’</span> <span class='ocrx_word' id='word_1_619' title='bbox 2958 3274 3015 3324; x_wconf 78' lang='grc' dir='ltr'>ἐν</span> <span class='ocrx_word' id='word_1_620' title='bbox 3048 3272 3223 3339; x_wconf 83' lang='grc' dir='ltr'>τούτῳ</span> <span class='ocrx_word' id='word_1_621' title='bbox 3257 3270 3656 3336; x_wconf 64' lang='grc' dir='ltr'>ἀπολειφθῆναι</span> <span class='ocrx_word' id='word_1_622' title='bbox 3687 3269 3796 3320; x_wconf 84' lang='grc' dir='ltr'>τῶν</span> <span class='ocrx_word' id='word_1_623' title='bbox 3824 3268 4050 3319; x_wconf 81' lang='grc' dir='ltr'>τελειω-</span> 
     </span>
    </p>
   </div>
   <div class='ocr_carea' id='block_1_88' title="bbox 2466 3360 4047 3434">
    <p class='ocr_par' dir='ltr' id='par_1_88' title="bbox 2466 3360 4047 3434">
     <span class='ocr_line' id='line_1_88' title="bbox 2466 3360 4047 3434; baseline -0.003 -17"><span class='ocrx_word' id='word_1_624' title='bbox 2466 3366 2668 3418; x_wconf 85' lang='grc' dir='ltr'>θέντων</span> <span class='ocrx_word' id='word_1_625' title='bbox 2699 3366 2766 3417; x_wconf 80' lang='grc' dir='ltr'>δι⁹</span> <span class='ocrx_word' id='word_1_626' title='bbox 2798 3364 3051 3434; x_wconf 82' lang='grc' dir='ltr'>αἵματος.</span> <span class='ocrx_word' id='word_1_627' title='bbox 3090 3365 3200 3416; x_wconf 53' lang='grc' dir='ltr'>Καὶ⁵</span> <span class='ocrx_word' id='word_1_628' title='bbox 3225 3364 3415 3431; x_wconf 79' lang='grc' dir='ltr'>ὥσπερ</span> <span class='ocrx_word' id='word_1_629' title='bbox 3459 3361 3648 3415; x_wconf 82' lang='grc' dir='ltr'>τ’άλλα</span> <span class='ocrx_word' id='word_1_630' title='bbox 3677 3360 3787 3412; x_wconf 83' lang='grc' dir='ltr'>τῶν</span> <span class='ocrx_word' id='word_1_631' title='bbox 3813 3362 4047 3427; x_wconf 71' lang='grc' dir='ltr'>ἐντίμων</span> 
     </span>
    </p>
   </div>
   <div class='ocr_carea' id='block_1_89' title="bbox 2464 3454 4048 3527">
    <p class='ocr_par' dir='ltr' id='par_1_89' title="bbox 2464 3454 4048 3527">
     <span class='ocr_line' id='line_1_89' title="bbox 2464 3454 4048 3527; baseline -0.004 -17"><span class='ocrx_word' id='word_1_632' title='bbox 2464 3460 2747 3527; x_wconf 78' lang='grc' dir='ltr'>ὀνομάτων</span> <span class='ocrx_word' id='word_1_633' title='bbox 2790 3459 3154 3527; x_wconf 74' lang='grc' dir='ltr'>κεκλήρωται,</span> <span class='ocrx_word' id='word_1_634' title='bbox 3181 3456 3353 3516; x_wconf 68' lang='grc' dir='ltr'>οὕτως</span> <span class='ocrx_word' id='word_1_635' title='bbox 3397 3456 3517 3508; x_wconf 67' lang='grc' dir='ltr'>οὐδὲ</span> <span class='ocrx_word' id='word_1_636' title='bbox 3567 3454 3666 3523; x_wconf 79' lang='grc' dir='ltr'>τῆς</span> <span class='ocrx_word' id='word_1_637' title='bbox 3703 3454 4048 3524; x_wconf 78' lang='grc' dir='ltr'>μαρτυρικῆς</span> 
     </span>
    </p>
   </div>
   <div class='ocr_carea' id='block_1_90' title="bbox 2464 3546 4047 3623">
    <p class='ocr_par' dir='ltr' id='par_1_90' title="bbox 2464 3546 4047 3623">
     <span class='ocr_line' id='line_1_90' title="bbox 2464 3546 4047 3623; baseline -0.004 -20"><span class='ocrx_word' id='word_1_638' title='bbox 2464 3552 2734 3623; x_wconf 76' lang='grc' dir='ltr'>ὴμοίρησε</span> <span class='ocrx_word' id='word_1_639' title='bbox 2768 3551 3036 3619; x_wconf 78' lang='grc' dir='ltr'>κλήσεως.</span> <span class='ocrx_word' id='word_1_640' title='bbox 3067 3546 3440 3615; x_wconf 61' lang='grc' dir='ltr'>Ἀπεισιγῡῦν</span> <span class='ocrx_word' id='word_1_641' title='bbox 3467 3546 3658 3616; x_wconf 80' lang='grc' dir='ltr'>ὥσπερ</span> <span class='ocrx_word' id='word_1_642' title='bbox 3691 3549 3800 3608; x_wconf 83' lang='grc' dir='ltr'>τοῖς</span> <span class='ocrx_word' id='word_1_643' title='bbox 3852 3548 3910 3598; x_wconf 90' lang='grc' dir='ltr'>ὲν</span> <span class='ocrx_word' id='word_1_644' title='bbox 3952 3550 4047 3613; x_wconf 74' lang='grc' dir='ltr'>γῇ,</span> 
     </span>
    </p>
   </div>
   <div class='ocr_carea' id='block_1_91' title="bbox 2467 3636 4051 3709">
    <p class='ocr_par' dir='ltr' id='par_1_91' title="bbox 2467 3636 4051 3709">
     <span class='ocr_line' id='line_1_91' title="bbox 2467 3636 4051 3709; baseline -0.006 -13"><span class='ocrx_word' id='word_1_645' title='bbox 2467 3644 2613 3695; x_wconf 75' lang='grc' dir='ltr'>οὕτω</span> <span class='ocrx_word' id='word_1_646' title='bbox 2655 3643 2885 3703; x_wconf 77' lang='grc' dir='ltr'>καὶτοῖς</span> <span class='ocrx_word' id='word_1_647' title='bbox 2914 3643 2972 3692; x_wconf 85' lang='grc' dir='ltr'>ὲν</span> <span class='ocrx_word' id='word_1_648' title='bbox 3000 3640 3128 3709; x_wconf 72' lang='grc' dir='ltr'>ᾅδου</span> <span class='ocrx_word' id='word_1_649' title='bbox 3175 3638 3429 3705; x_wconf 81' lang='grc' dir='ltr'>κηρύξων</span> <span class='ocrx_word' id='word_1_650' title='bbox 3478 3638 3576 3706; x_wconf 80' lang='grc' dir='ltr'>τὴν</span> <span class='ocrx_word' id='word_1_651' title='bbox 3631 3636 3723 3688; x_wconf 71' lang='grc' dir='ltr'>τοῦ</span> <span class='ocrx_word' id='word_1_652' title='bbox 3798 3636 4051 3705; x_wconf 74' lang='grc' dir='ltr'>Σωτῆρος</span> 
     </span>
    </p>
   </div>
   <div class='ocr_carea' id='block_1_92' title="bbox 2468 3728 4053 3802">
    <p class='ocr_par' dir='ltr' id='par_1_92' title="bbox 2468 3728 4053 3802">
     <span class='ocr_line' id='line_1_92' title="bbox 2468 3728 4053 3802; baseline -0.007 -15"><span class='ocrx_word' id='word_1_653' title='bbox 2468 3735 2720 3799; x_wconf 63' lang='grc' dir='ltr'>κάθοδον,</span> <span class='ocrx_word' id='word_1_654' title='bbox 2753 3736 2784 3802; x_wconf 78' lang='grc' dir='ltr'>ἡ</span> <span class='ocrx_word' id='word_1_655' title='bbox 2812 3734 2911 3801; x_wconf 79' lang='grc' dir='ltr'>τῆς</span> <span class='ocrx_word' id='word_1_656' title='bbox 2940 3732 3175 3793; x_wconf 79' lang='grc' dir='ltr'>παλαιᾶς</span> <span class='ocrx_word' id='word_1_657' title='bbox 3210 3728 3416 3790; x_wconf 79' lang='grc' dir='ltr'>παῦλα,</span> <span class='ocrx_word' id='word_1_658' title='bbox 3453 3730 3483 3798; x_wconf 80' lang='grc' dir='ltr'>ἡ</span> <span class='ocrx_word' id='word_1_659' title='bbox 3521 3729 3619 3796; x_wconf 75' lang='grc' dir='ltr'>τῆς</span> <span class='ocrx_word' id='word_1_660' title='bbox 3675 3729 3801 3789; x_wconf 82' lang='grc' dir='ltr'>νέας</span> <span class='ocrx_word' id='word_1_661' title='bbox 3826 3728 3991 3795; x_wconf 80' lang='grc' dir='ltr'>ἁρχὴ,</span> <span class='ocrx_word' id='word_1_662' title='bbox 4028 3731 4053 3776; x_wconf 85' lang='grc' dir='ltr'>ὀ</span> 
     </span>
    </p>
   </div>
   <div class='ocr_carea' id='block_1_93' title="bbox 2474 3818 4053 3895">
    <p class='ocr_par' dir='ltr' id='par_1_93' title="bbox 2474 3818 4053 3895">
     <span class='ocr_line' id='line_1_93' title="bbox 2474 3818 4053 3895; baseline -0.008 -16"><span class='ocrx_word' id='word_1_663' title='bbox 2474 3826 2703 3895; x_wconf 83' lang='grc' dir='ltr'>μεσίτης</span> <span class='ocrx_word' id='word_1_664' title='bbox 2736 3824 3020 3894; x_wconf 76' lang='grc' dir='ltr'>ἀμφοῖν,ή</span> <span class='ocrx_word' id='word_1_665' title='bbox 3054 3822 3229 3890; x_wconf 76' lang='grc' dir='ltr'>φωνὴ,</span> <span class='ocrx_word' id='word_1_666' title='bbox 3255 3824 3283 3873; x_wconf 97' lang='lat'>0</span> <span class='ocrx_word' id='word_1_667' title='bbox 3352 3819 3569 3889; x_wconf 79' lang='grc' dir='ltr'>λύχνος,</span> <span class='ocrx_word' id='word_1_668' title='bbox 3606 3819 3633 3870; x_wconf 87' lang='lat'>0</span> <span class='ocrx_word' id='word_1_669' title='bbox 3695 3818 3997 3885; x_wconf 72' lang='grc' dir='ltr'>ἑωσφόρος,</span> <span class='ocrx_word' id='word_1_670' title='bbox 4029 3820 4053 3867; x_wconf 82' lang='lat'>0</span> 
     </span>
    </p>
   </div>
   <div class='ocr_carea' id='block_1_94' title="bbox 2471 3912 4055 3987">
    <p class='ocr_par' dir='ltr' id='par_1_94' title="bbox 2471 3912 4055 3987">
     <span class='ocr_line' id='line_1_94' title="bbox 2471 3912 4055 3987; baseline -0.006 -16"><span class='ocrx_word' id='word_1_671' title='bbox 2471 3918 2723 3987; x_wconf 81' lang='grc' dir='ltr'>ἄγγελος,</span> <span class='ocrx_word' id='word_1_672' title='bbox 2747 3920 2774 3970; x_wconf 88' lang='lat'>0</span> <span class='ocrx_word' id='word_1_673' title='bbox 2812 3915 3131 3976; x_wconf 80' lang='grc' dir='ltr'>ἀπόστολος,</span> <span class='ocrx_word' id='word_1_674' title='bbox 3162 3916 3190 3966; x_wconf 88' lang='lat'>0</span> <span class='ocrx_word' id='word_1_675' title='bbox 3241 3914 3491 3979; x_wconf 60' lang='lat' dir='ltr'>Aetium,</span> <span class='ocrx_word' id='word_1_676' title='bbox 3548 3913 3576 3963; x_wconf 87' lang='lat'>0</span> <span class='ocrx_word' id='word_1_677' title='bbox 3638 3912 3998 3982; x_wconf 79' lang='grc' dir='ltr'>’Λαρωνίτης,</span> <span class='ocrx_word' id='word_1_678' title='bbox 4029 3912 4055 3960; x_wconf 91' lang='lat'>0</span> 
     </span>
    </p>
   </div>
   <div class='ocr_carea' id='block_1_95' title="bbox 2472 4004 4054 4080">
    <p class='ocr_par' dir='ltr' id='par_1_95' title="bbox 2472 4004 4054 4080">
     <span class='ocr_line' id='line_1_95' title="bbox 2472 4004 4054 4080; baseline -0.006 -17"><span class='ocrx_word' id='word_1_679' title='bbox 2472 4013 2780 4080; x_wconf 75' lang='grc' dir='ltr'>προφήτης,</span> <span class='ocrx_word' id='word_1_680' title='bbox 2809 4008 3196 4079; x_wconf 82' lang='grc' dir='ltr'>ὁόρειφοίτης.</span> <span class='ocrx_word' id='word_1_681' title='bbox 3238 4007 3265 4058; x_wconf 86' lang='grc' dir='ltr'><strong>ὁ</strong></span> <span class='ocrx_word' id='word_1_682' title='bbox 3315 4006 3653 4074; x_wconf 76' lang='grc' dir='ltr'>Βαπτιστὴς,</span> <span class='ocrx_word' id='word_1_683' title='bbox 3727 4007 3756 4056; x_wconf 81' lang='grc'>6</span> <span class='ocrx_word' id='word_1_684' title='bbox 3799 4004 3997 4072; x_wconf 76' lang='grc' dir='ltr'>κῆρυξ,</span> <span class='ocrx_word' id='word_1_685' title='bbox 4030 4006 4054 4055; x_wconf 96' lang='lat'>0</span> 
     </span>
    </p>
   </div>
   <div class='ocr_carea' id='block_1_96' title="bbox 2475 4098 4055 4173">
    <p class='ocr_par' dir='ltr' id='par_1_96' title="bbox 2475 4098 4055 4173">
     <span class='ocr_line' id='line_1_96' title="bbox 2475 4098 4055 4173; baseline -0.005 -18"><span class='ocrx_word' id='word_1_686' title='bbox 2475 4104 2810 4173; x_wconf 75' lang='grc' dir='ltr'>ΙΙρὸδρομος,</span> <span class='ocrx_word' id='word_1_687' title='bbox 2844 4104 2871 4153; x_wconf 91' lang='grc' dir='ltr'>ὁ</span> <span class='ocrx_word' id='word_1_688' title='bbox 2904 4101 3193 4169; x_wconf 84' lang='grc' dir='ltr'>παρθένος,</span> <span class='ocrx_word' id='word_1_689' title='bbox 3214 4099 3577 4160; x_wconf 79' lang='grc' dir='ltr'>ὀδιδάσκαλος</span> <span class='ocrx_word' id='word_1_690' title='bbox 3608 4100 3707 4165; x_wconf 79' lang='grc' dir='ltr'>τῆς</span> <span class='ocrx_word' id='word_1_691' title='bbox 3741 4098 4055 4164; x_wconf 69' lang='grc' dir='ltr'>μετανοίας,</span> 
     </span>
    </p>
   </div>
   <div class='ocr_carea' id='block_1_97' title="bbox 2474 4191 3568 4263">
    <p class='ocr_par' dir='ltr' id='par_1_97' title="bbox 2474 4191 3568 4263">
     <span class='ocr_line' id='line_1_97' title="bbox 2474 4191 3568 4263; baseline 0.003 -15"><span class='ocrx_word' id='word_1_692' title='bbox 2474 4197 2501 4248; x_wconf 93' lang='lat'>0</span> <span class='ocrx_word' id='word_1_693' title='bbox 2537 4196 2761 4263; x_wconf 82' lang='grc' dir='ltr'>ἔλεγχος</span> <span class='ocrx_word' id='word_1_694' title='bbox 2784 4194 2881 4262; x_wconf 83' lang='grc' dir='ltr'>τῆς</span> <span class='ocrx_word' id='word_1_695' title='bbox 2908 4193 3206 4263; x_wconf 83' lang='grc' dir='ltr'>ἁμαρτίας.</span> <span class='ocrx_word' id='word_1_696' title='bbox 3256 4194 3283 4244; x_wconf 88' lang='grc' dir='ltr'><strong>ὁ</strong></span> <span class='ocrx_word' id='word_1_697' title='bbox 3310 4191 3524 4261; x_wconf 77' lang='grc' dir='ltr'>μάρτυς</span> <span class='ocrx_word' id='word_1_698' title='bbox 3552 4204 3568 4219; x_wconf 87' lang='grc'><strong>⁹</strong></span> 
     </span>
    </p>
   </div>
   <div class='ocr_carea' id='block_1_98' title="bbox 2475 4279 3990 4358">
    <p class='ocr_par' dir='ltr' id='par_1_98' title="bbox 2475 4279 3990 4358">
     <span class='ocr_line' id='line_1_98' title="bbox 2475 4279 3990 4358; baseline -0.004 -19"><span class='ocrx_word' id='word_1_699' title='bbox 2475 4288 2899 4358; x_wconf 70' lang='grc' dir='ltr'>ἐπισφράγισμα</span> <span class='ocrx_word' id='word_1_700' title='bbox 2924 4282 3215 4338; x_wconf 83' lang='grc' dir='ltr'>κάλλιστον</span> <span class='ocrx_word' id='word_1_701' title='bbox 3239 4284 3347 4336; x_wconf 83' lang='grc' dir='ltr'>τῶν</span> <span class='ocrx_word' id='word_1_702' title='bbox 3378 4283 3666 4351; x_wconf 68' lang='grc' dir='ltr'>ὀνομάτων</span> <span class='ocrx_word' id='word_1_703' title='bbox 3716 4279 3990 4333; x_wconf 77' lang='grc' dir='ltr'>τέθεικεν.</span> 
     </span>
    </p>
   </div>
   <div class='ocr_carea' id='block_1_99' title="bbox 3626 4183 4055 4257">
    <p class='ocr_par' dir='ltr' id='par_1_99' title="bbox 3626 4183 4055 4257">
     <span class='ocr_line' id='line_1_99' title="bbox 3626 4183 4055 4257; baseline -0.012 -16"><span class='ocrx_word' id='word_1_704' title='bbox 3626 4187 3785 4241; x_wconf 77' lang='grc' dir='ltr'>τοῦτο</span> <span class='ocrx_word' id='word_1_705' title='bbox 3808 4189 3916 4257; x_wconf 67' lang='grc' dir='ltr'>γὰρ</span> <span class='ocrx_word' id='word_1_706' title='bbox 3946 4183 4055 4239; x_wconf 77' lang='grc' dir='ltr'>οἷον</span> 
     </span>
    </p>
   </div>
   <div class='ocr_carea' id='block_1_100' title="bbox 2550 4372 4057 4451">
    <p class='ocr_par' dir='ltr' id='par_1_100' title="bbox 2550 4372 4057 4451">
     <span class='ocr_line' id='line_1_100' title="bbox 2550 4372 4057 4451; baseline -0.008 -17"><span class='ocrx_word' id='word_1_707' title='bbox 2550 4384 2741 4451; x_wconf 79' lang='grc' dir='ltr'>Ἡμεῖς</span> <span class='ocrx_word' id='word_1_708' title='bbox 2765 4380 2844 4446; x_wconf 81' lang='grc' dir='ltr'>δὲ,</span> <span class='ocrx_word' id='word_1_709' title='bbox 2879 4374 2925 4433; x_wconf 81' lang='grc' dir='ltr'><strong>ὦ</strong></span> <span class='ocrx_word' id='word_1_710' title='bbox 2950 4378 3347 4449; x_wconf 79' lang='grc' dir='ltr'>Χριστώνυμον</span> <span class='ocrx_word' id='word_1_711' title='bbox 3371 4376 3668 4446; x_wconf 80' lang='grc' dir='ltr'>ἄθροισμα,</span> <span class='ocrx_word' id='word_1_712' title='bbox 3707 4373 3905 4425; x_wconf 83' lang='grc' dir='ltr'>τούτου</span> <span class='ocrx_word' id='word_1_713' title='bbox 3963 4372 4057 4441; x_wconf 72' lang='grc' dir='ltr'>τὴν</span> 
     </span>
    </p>
   </div>
   <div class='ocr_carea' id='block_1_101' title="bbox 2473 4468 4055 4548">
    <p class='ocr_par' dir='ltr' id='par_1_101' title="bbox 2473 4468 4055 4548">
     <span class='ocr_line' id='line_1_101' title="bbox 2473 4468 4055 4548; baseline -0.008 -18"><span class='ocrx_word' id='word_1_714' title='bbox 2473 4478 2624 4548; x_wconf 70' lang='grc' dir='ltr'>ἱερὰν</span> <span class='ocrx_word' id='word_1_715' title='bbox 2668 4475 2979 4546; x_wconf 80' lang='grc' dir='ltr'>μαρτυρίαν</span> <span class='ocrx_word' id='word_1_716' title='bbox 3009 4470 3399 4539; x_wconf 82' lang='grc' dir='ltr'>πνευματικῶς</span> <span class='ocrx_word' id='word_1_717' title='bbox 3430 4468 3809 4538; x_wconf 81' lang='grc' dir='ltr'>ὲορτάσωμεν,</span> <span class='ocrx_word' id='word_1_718' title='bbox 3844 4469 4055 4527; x_wconf 73' lang='grc' dir='ltr'>ἑαυτοῖς</span> 
     </span>
    </p>
   </div>
   <div class='ocr_carea' id='block_1_102' title="bbox 2463 4556 4056 4637">
    <p class='ocr_par' dir='ltr' id='par_1_102' title="bbox 2463 4556 4056 4637">
     <span class='ocr_line' id='line_1_102' title="bbox 2463 4556 4056 4637; baseline -0.008 -18"><span class='ocrx_word' id='word_1_719' title='bbox 2463 4568 2528 4627; x_wconf 73' lang='grc' dir='ltr'>δὲ</span> <span class='ocrx_word' id='word_1_720' title='bbox 2563 4567 2710 4637; x_wconf 88' lang='grc' dir='ltr'>μάλα</span> <span class='ocrx_word' id='word_1_721' title='bbox 2745 4563 3104 4633; x_wconf 84' lang='grc' dir='ltr'>προσχῶμεν,</span> <span class='ocrx_word' id='word_1_722' title='bbox 3140 4561 3216 4630; x_wconf 84' lang='grc' dir='ltr'>μὴ</span> <span class='ocrx_word' id='word_1_723' title='bbox 3248 4560 3321 4612; x_wconf 80' lang='grc' dir='ltr'>τά</span> <span class='ocrx_word' id='word_1_724' title='bbox 3366 4558 3459 4611; x_wconf 78' lang='grc' dir='ltr'>τοῦ</span> <span class='ocrx_word' id='word_1_725' title='bbox 3532 4556 3776 4627; x_wconf 72' lang='grc' dir='ltr'>Ἡρώδου</span> <span class='ocrx_word' id='word_1_726' title='bbox 3850 4559 3947 4609; x_wconf 60' lang='grc' dir='ltr'>καὶ⁵</span> <span class='ocrx_word' id='word_1_727' title='bbox 4005 4557 4056 4607; x_wconf 83' lang='grc' dir='ltr'>ὲν</span> 
     </span>
    </p>
   </div>
   <div class='ocr_carea' id='block_1_103' title="bbox 2475 4649 4059 4729">
    <p class='ocr_par' dir='ltr' id='par_1_103' title="bbox 2475 4649 4059 4729">
     <span class='ocr_line' id='line_1_103' title="bbox 2475 4649 4059 4729; baseline -0.009 -18"><span class='ocrx_word' id='word_1_728' title='bbox 2475 4662 2607 4729; x_wconf 84' lang='grc' dir='ltr'>ἡμῖν</span> <span class='ocrx_word' id='word_1_729' title='bbox 2694 4656 2953 4724; x_wconf 85' lang='grc' dir='ltr'>γενέσθαι</span> <span class='ocrx_word' id='word_1_730' title='bbox 3032 4654 3259 4723; x_wconf 82' lang='grc' dir='ltr'>συμϐῇ·</span> <span class='ocrx_word' id='word_1_731' title='bbox 3327 4650 3616 4720; x_wconf 81' lang='grc' dir='ltr'>συμϐαίνει</span> <span class='ocrx_word' id='word_1_732' title='bbox 3673 4649 3783 4718; x_wconf 84' lang='grc' dir='ltr'>γάρ</span> <span class='ocrx_word' id='word_1_733' title='bbox 3845 4651 4059 4708; x_wconf 80' lang='grc' dir='ltr'>πάντως</span> 
     </span>
    </p>
   </div>
   <div class='ocr_carea' id='block_1_104' title="bbox 2479 4742 4057 4820">
    <p class='ocr_par' dir='ltr' id='par_1_104' title="bbox 2479 4742 4057 4820">
     <span class='ocr_line' id='line_1_104' title="bbox 2479 4742 4057 4820; baseline -0.008 -16"><span class='ocrx_word' id='word_1_734' title='bbox 2479 4752 2681 4820; x_wconf 86' lang='grc' dir='ltr'>τρόπον</span> <span class='ocrx_word' id='word_1_735' title='bbox 2705 4750 2892 4815; x_wconf 78' lang='grc' dir='ltr'>ἕτερον</span> <span class='ocrx_word' id='word_1_736' title='bbox 2949 4750 3061 4809; x_wconf 89' lang='grc' dir='ltr'>τοῖς</span> <span class='ocrx_word' id='word_1_737' title='bbox 3099 4746 3174 4815; x_wconf 81' lang='grc' dir='ltr'>μὴ</span> <span class='ocrx_word' id='word_1_738' title='bbox 3214 4744 3504 4813; x_wconf 76' lang='grc' dir='ltr'>ἀραρότως</span> <span class='ocrx_word' id='word_1_739' title='bbox 3539 4744 3928 4811; x_wconf 79' lang='grc' dir='ltr'>προσέχουσιν.</span> <span class='ocrx_word' id='word_1_740' title='bbox 3974 4742 4057 4792; x_wconf 86' lang='lat'>&#39;0-</span> 
     </span>
    </p>
   </div>
   <div class='ocr_carea' id='block_1_105' title="bbox 2485 4836 4057 4913">
    <p class='ocr_par' dir='ltr' id='par_1_105' title="bbox 2485 4836 4057 4913">
     <span class='ocr_line' id='line_1_105' title="bbox 2485 4836 4057 4913; baseline -0.009 -17"><span class='ocrx_word' id='word_1_741' title='bbox 2485 4844 2695 4913; x_wconf 79' lang='grc' dir='ltr'>πηνίκα</span> <span class='ocrx_word' id='word_1_742' title='bbox 2725 4842 2833 4913; x_wconf 84' lang='grc' dir='ltr'>γὰρ</span> <span class='ocrx_word' id='word_1_743' title='bbox 2860 4842 2887 4893; x_wconf 81' lang='lat'>0</span> <span class='ocrx_word' id='word_1_744' title='bbox 2918 4841 3041 4903; x_wconf 80' lang='grc' dir='ltr'>νοῦς</span> <span class='ocrx_word' id='word_1_745' title='bbox 3064 4839 3163 4909; x_wconf 81' lang='grc' dir='ltr'>τὴν</span> <span class='ocrx_word' id='word_1_746' title='bbox 3198 4839 3296 4907; x_wconf 78' lang='grc' dir='ltr'>μὲν</span> <span class='ocrx_word' id='word_1_747' title='bbox 3331 4836 3473 4889; x_wconf 74' lang='grc' dir='ltr'>κατὰ</span> <span class='ocrx_word' id='word_1_748' title='bbox 3502 4838 3647 4888; x_wconf 88' lang='grc' dir='ltr'>θεῖον</span> <span class='ocrx_word' id='word_1_749' title='bbox 3690 4836 3857 4905; x_wconf 79' lang='grc' dir='ltr'>νόμον</span> <span class='ocrx_word' id='word_1_750' title='bbox 3882 4836 4057 4887; x_wconf 68' lang='grc' dir='ltr'>σύνοι-</span> 
     </span>
    </p>
   </div>
   <div class='ocr_carea' id='block_1_106' title="bbox 2481 4920 4056 5001">
    <p class='ocr_par' dir='ltr' id='par_1_106' title="bbox 2481 4920 4056 5001">
     <span class='ocr_line' id='line_1_106' title="bbox 2481 4920 4056 5001; baseline -0.011 -13"><span class='ocrx_word' id='word_1_751' title='bbox 2481 4951 2576 4988; x_wconf 86' lang='grc' dir='ltr'>κον</span> <span class='ocrx_word' id='word_1_752' title='bbox 2601 4930 2957 5001; x_wconf 74' lang='grc' dir='ltr'>ἁποστέρξειε</span> <span class='ocrx_word' id='word_1_753' title='bbox 2988 4929 3088 4996; x_wconf 83' lang='grc' dir='ltr'>τὴν</span> <span class='ocrx_word' id='word_1_754' title='bbox 3111 4924 3389 4995; x_wconf 81' lang='grc' dir='ltr'>θυγατέρα</span> <span class='ocrx_word' id='word_1_755' title='bbox 3420 4922 3514 4975; x_wconf 83' lang='grc' dir='ltr'>τοῦ</span> <span class='ocrx_word' id='word_1_756' title='bbox 3540 4922 3809 4991; x_wconf 84' lang='grc' dir='ltr'>βασιλέως</span> <span class='ocrx_word' id='word_1_757' title='bbox 3843 4920 4056 4990; x_wconf 74' lang='grc' dir='ltr'>Ἀρέτα·</span> 
     </span>
    </p>
   </div>
   <div class='ocr_carea' id='block_1_107' title="bbox 2480 5012 4056 5089">
    <p class='ocr_par' dir='ltr' id='par_1_107' title="bbox 2480 5012 4056 5089">
     <span class='ocr_line' id='line_1_107' title="bbox 2480 5012 4056 5089; baseline -0.011 -10"><span class='ocrx_word' id='word_1_758' title='bbox 2480 5027 2619 5088; x_wconf 85' lang='grc' dir='ltr'>νοεῖς</span> <span class='ocrx_word' id='word_1_759' title='bbox 2642 5024 2698 5077; x_wconf 79' lang='grc' dir='ltr'>δὲ</span> <span class='ocrx_word' id='word_1_760' title='bbox 2724 5022 2812 5076; x_wconf 81' lang='grc' dir='ltr'>διὰ</span> <span class='ocrx_word' id='word_1_761' title='bbox 2833 5020 2929 5075; x_wconf 82' lang='grc' dir='ltr'>τοῦ</span> <span class='ocrx_word' id='word_1_762' title='bbox 2971 5020 3169 5089; x_wconf 78' lang='grc' dir='ltr'>Ἀρέτα</span> <span class='ocrx_word' id='word_1_763' title='bbox 3194 5018 3294 5087; x_wconf 77' lang='grc' dir='ltr'>τὴν</span> <span class='ocrx_word' id='word_1_764' title='bbox 3323 5016 3547 5084; x_wconf 83' lang='grc' dir='ltr'>ἀρετήν·</span> <span class='ocrx_word' id='word_1_765' title='bbox 3574 5012 3716 5081; x_wconf 76' lang='grc' dir='ltr'>αὕτη</span> <span class='ocrx_word' id='word_1_766' title='bbox 3777 5014 3886 5082; x_wconf 81' lang='grc' dir='ltr'>γάρ</span> <span class='ocrx_word' id='word_1_767' title='bbox 3930 5029 4056 5081; x_wconf 81' lang='grc' dir='ltr'>πρε-</span> 
     </span>
    </p>
   </div>
   <div class='ocr_carea' id='block_1_108' title="bbox 2480 5104 4060 5192">
    <p class='ocr_par' dir='ltr' id='par_1_108' title="bbox 2480 5104 4060 5192">
     <span class='ocr_line' id='line_1_108' title="bbox 2480 5104 4060 5192; baseline -0.011 -22"><span class='ocrx_word' id='word_1_768' title='bbox 2480 5117 2798 5192; x_wconf 78' lang='grc' dir='ltr'>πωδεστάτη</span> <span class='ocrx_word' id='word_1_769' title='bbox 2827 5114 2925 5167; x_wconf 73' lang='grc' dir='ltr'>καὶ</span> <span class='ocrx_word' id='word_1_770' title='bbox 2950 5111 3090 5164; x_wconf 83' lang='grc' dir='ltr'>κατά</span> <span class='ocrx_word' id='word_1_771' title='bbox 3118 5109 3281 5179; x_wconf 86' lang='grc' dir='ltr'>φύσιν</span> <span class='ocrx_word' id='word_1_772' title='bbox 3331 5106 3568 5173; x_wconf 80' lang='grc' dir='ltr'>σύζυγος</span> <span class='ocrx_word' id='word_1_773' title='bbox 3614 5104 3711 5156; x_wconf 77' lang='grc' dir='ltr'>τοῦ</span> <span class='ocrx_word' id='word_1_774' title='bbox 3745 5107 3863 5165; x_wconf 77' lang='grc' dir='ltr'>νοός</span> <span class='ocrx_word' id='word_1_775' title='bbox 3892 5119 3908 5133; x_wconf 74' lang='grc' dir='ltr'><strong>ο</strong></span> <span class='ocrx_word' id='word_1_776' title='bbox 3937 5104 4060 5156; x_wconf 72' lang='grc' dir='ltr'>ὅταν</span> 
     </span>
    </p>
   </div>
   <div class='ocr_carea' id='block_1_109' title="bbox 2481 5198 4055 5276">
    <p class='ocr_par' dir='ltr' id='par_1_109' title="bbox 2481 5198 4055 5276">
     <span class='ocr_line' id='line_1_109' title="bbox 2481 5198 4055 5276; baseline -0.011 -12"><span class='ocrx_word' id='word_1_777' title='bbox 2481 5206 2576 5264; x_wconf 71' lang='grc' dir='ltr'>οὖν</span> <span class='ocrx_word' id='word_1_778' title='bbox 2613 5208 2820 5276; x_wconf 77' lang='grc' dir='ltr'>ταύτην</span> <span class='ocrx_word' id='word_1_779' title='bbox 2843 5203 3363 5275; x_wconf 86' lang='grc' dir='ltr'>παραγκωνίσηται,</span> <span class='ocrx_word' id='word_1_780' title='bbox 3428 5204 3523 5253; x_wconf 69' lang='grc' dir='ltr'>καὶ</span> <span class='ocrx_word' id='word_1_781' title='bbox 3557 5198 3656 5269; x_wconf 81' lang='grc' dir='ltr'>τὴν</span> <span class='ocrx_word' id='word_1_782' title='bbox 3708 5200 3948 5251; x_wconf 80' lang='grc' dir='ltr'>ὲπείσακ</span> <span class='ocrx_word' id='word_1_783' title='bbox 3964 5214 4055 5257; x_wconf 72' lang='grc' dir='ltr'>τον,</span> 
     </span>
    </p>
   </div>
   <div class='ocr_carea' id='block_1_110' title="bbox 2480 5292 4059 5373">
    <p class='ocr_par' dir='ltr' id='par_1_110' title="bbox 2480 5292 4059 5373">
     <span class='ocr_line' id='line_1_110' title="bbox 2480 5292 4059 5373; baseline -0.011 -17"><span class='ocrx_word' id='word_1_784' title='bbox 2480 5304 2577 5356; x_wconf 67' lang='grc' dir='ltr'>καλ⁵</span> <span class='ocrx_word' id='word_1_785' title='bbox 2605 5299 2892 5373; x_wconf 85' lang='grc' dir='ltr'>μοιχαλίδα</span> <span class='ocrx_word' id='word_1_786' title='bbox 2924 5300 3127 5351; x_wconf 86' lang='grc' dir='ltr'>κακίαν</span> <span class='ocrx_word' id='word_1_787' title='bbox 3159 5292 3495 5364; x_wconf 76' lang='grc' dir='ltr'>ἐνστέρξειε,</span> <span class='ocrx_word' id='word_1_788' title='bbox 3530 5292 3657 5360; x_wconf 77' lang='grc' dir='ltr'>περὶ</span> <span class='ocrx_word' id='word_1_789' title='bbox 3713 5293 3815 5351; x_wconf 67' lang='grc' dir='ltr'>τὰς</span> <span class='ocrx_word' id='word_1_790' title='bbox 3870 5306 4059 5355; x_wconf 81' lang='grc' dir='ltr'>σωμα-</span> 
     </span>
    </p>
   </div>
   <div class='ocr_carea' id='block_1_111' title="bbox 2477 5380 4060 5460">
    <p class='ocr_par' dir='ltr' id='par_1_111' title="bbox 2477 5380 4060 5460">
     <span class='ocr_line' id='line_1_111' title="bbox 2477 5380 4060 5460; baseline -0.011 -15"><span class='ocrx_word' id='word_1_791' title='bbox 2477 5393 2637 5453; x_wconf 77' lang='grc' dir='ltr'>τικὰς</span> <span class='ocrx_word' id='word_1_792' title='bbox 2661 5389 2855 5460; x_wconf 73' lang='grc' dir='ltr'>ἡδονάς</span> <span class='ocrx_word' id='word_1_793' title='bbox 2876 5384 3321 5457; x_wconf 84' lang='grc' dir='ltr'>λιχνευσάμενος,</span> <span class='ocrx_word' id='word_1_794' title='bbox 3365 5381 3489 5434; x_wconf 82' lang='grc' dir='ltr'>τότε</span> <span class='ocrx_word' id='word_1_795' title='bbox 3534 5380 3779 5449; x_wconf 79' lang='grc' dir='ltr'>Ἡρώδης</span> <span class='ocrx_word' id='word_1_796' title='bbox 3805 5380 4060 5448; x_wconf 64' lang='grc' dir='ltr'>ἄντικρνς</span> 
     </span>
    </p>
   </div>
   <div class='ocr_carea' id='block_1_112' title="bbox 2480 5468 4059 5550">
    <p class='ocr_par' dir='ltr' id='par_1_112' title="bbox 2480 5468 4059 5550">
     <span class='ocr_line' id='line_1_112' title="bbox 2480 5468 4059 5550; baseline -0.009 -16"><span class='ocrx_word' id='word_1_797' title='bbox 2480 5483 2714 5550; x_wconf 79' lang='grc' dir='ltr'>γίνεται.</span> <span class='ocrx_word' id='word_1_798' title='bbox 2755 5476 2999 5549; x_wconf 83' lang='grc' dir='ltr'>Ἡρώδης</span> <span class='ocrx_word' id='word_1_799' title='bbox 3020 5475 3127 5544; x_wconf 78' lang='grc' dir='ltr'>γὰρ</span> <span class='ocrx_word' id='word_1_800' title='bbox 3183 5471 3508 5543; x_wconf 87' lang='grc' dir='ltr'>δερμάτινος</span> <span class='ocrx_word' id='word_1_801' title='bbox 3559 5468 3954 5539; x_wconf 73' lang='grc' dir='ltr'>ἑρμηνεύεται,</span> <span class='ocrx_word' id='word_1_802' title='bbox 4004 5468 4059 5519; x_wconf 54' lang='grc' dir='ltr'>δι</span> 
     </span>
    </p>
   </div>
   <div class='ocr_carea' id='block_1_113' title="bbox 2029 5724 2818 5809">
    <p class='ocr_par' dir='ltr' id='par_1_113' title="bbox 2029 5724 2818 5809">
     <span class='ocr_line' id='line_1_113' title="bbox 2029 5724 2818 5809; baseline -0.013 -17"><span class='ocrx_word' id='word_1_803' title='bbox 2029 5729 2357 5809; x_wconf 67' lang='lat' dir='ltr'>Franttisci</span> <span class='ocrx_word' id='word_1_804' title='bbox 2386 5724 2594 5788; x_wconf 86' lang='lat' dir='ltr'>Scorsi</span> <span class='ocrx_word' id='word_1_805' title='bbox 2633 5735 2818 5785; x_wconf 63' lang='lat' dir='ltr'>nota).</span> 
     </span>
    </p>
   </div>
   <div class='ocr_carea' id='block_1_114' title="bbox 780 5826 2509 5933">
    <p class='ocr_par' dir='ltr' id='par_1_114' title="bbox 780 5826 2509 5933">
     <span class='ocr_line' id='line_1_114' title="bbox 780 5826 2509 5933; baseline -0.01 -37"><span class='ocrx_word' id='word_1_806' title='bbox 780 5926 787 5933; x_wconf 28' lang='grc' dir='ltr'>ἱ</span> <span class='ocrx_word' id='word_1_807' title='bbox 862 5841 938 5913; x_wconf 87' lang='lat'>(8)</span> <span class='ocrx_word' id='word_1_808' title='bbox 1002 5844 1080 5897; x_wconf 80' lang='lat' dir='ltr'>Ex</span> <span class='ocrx_word' id='word_1_809' title='bbox 1111 5846 1338 5902; x_wconf 71' lang='lat' dir='ltr'>Leuitico</span> <span class='ocrx_word' id='word_1_810' title='bbox 1391 5858 1592 5913; x_wconf 79' lang='lat' dir='ltr'>genere.</span> <span class='ocrx_word' id='word_1_811' title='bbox 1642 5838 1775 5893; x_wconf 81' lang='lat' dir='ltr'>Vide</span> <span class='ocrx_word' id='word_1_812' title='bbox 1840 5836 1904 5889; x_wconf 87' lang='lat' dir='ltr'>ad</span> <span class='ocrx_word' id='word_1_813' title='bbox 1955 5835 2100 5887; x_wconf 83' lang='lat' dir='ltr'>bum.</span> <span class='ocrx_word' id='word_1_814' title='bbox 2141 5830 2229 5892; x_wconf 79' lang='grc'>55,</span> <span class='ocrx_word' id='word_1_815' title='bbox 2262 5837 2376 5883; x_wconf 90' lang='lat' dir='ltr'>not.</span> <span class='ocrx_word' id='word_1_816' title='bbox 2422 5826 2509 5880; x_wconf 64' lang='lat'>4&#39;2.</span> 
     </span>
    </p>
   </div>
  </div>
