4168 6456
157 390 298 456 1069

1506 379 1835 447 HOMILIA
1878 386 2063 447 LXII.

3299 394 3436 462 1070

152 497 219 556 οῦ
249 503 313 556 τὸ
343 499 529 570 χοῖκδν
572 496 902 562 είκονίζεται
954 496 1235 566 φρόνημα.
1288 496 1459 548 Ὅταν
1519 495 1616 549 οῦν
1657 513 1740 548 κυ-

1856 497 2000 550 enim
2082 495 2357 562 pelliceum
2416 498 2839 568 interpretamur
2890 502 3046 575 (9),
3105 519 3199 575 per
3270 526 3431 579 quem

154 592 356 662 ριεῦσῃ
376 591 468 643 τὸν
499 589 623 642 νοῦν
650 588 749 657 τῆς
810 586 1086 657 ἁμαρτίας
1133 588 1161 638 ὁ
1227 587 1437 657 ἵμερος,
1507 586 1629 639 τότε
1659 586 1748 656 δὴ,

150 685 276 735 τότε
326 682 421 734 τὸν
464 680 759 747 ἐλέγχοντα
799 678 1056 748 Ἰωάννην
1084 675 1264 729 πείθει
1294 676 1643 747 παραδοῦναι
1677 679 1745 746 τῇ

155 773 400 842 φυλακῇ.
434 771 600 833 Σύνες
625 771 686 822 τὸ
714 770 1103 839 κεκρυμμένον
1134 772 1193 823 ἐν
1214 770 1293 838 τῷ
1309 770 1617 838 αἰνίγματι.
1638 770 1753 823 Ἰω-

154 866 323 935 άνης
363 865 513 917 ἐστὶν
549 866 581 934 ἠ
621 862 715 915 τοῦ
749 864 908 929 λόγου
940 864 1101 933 χάρις
1156 862 1251 915 τοῦ
1302 862 1554 925 δοθέντος
1617 865 1750 933 ἡμῖν

154 963 219 1013 ἐκ
254 959 419 1025 Θεοῦ,
454 960 487 1028 ἢ
519 958 580 1010 τὸ
614 957 855 1019 συνειδὸς
890 957 1128 1009 ἑκάστου
1172 956 1585 1025 ἁμαρτάνοντος
1628 956 1751 1008 ἐπι-

156 1053 496 1120 πλήττουσα.
522 1049 744 1119 Ταύτην
792 1050 892 1118 τὴν
917 1048 1079 1118 χάριν
1145 1047 1242 1099 τοῦ
1285 1046 1423 1099 Θεοῦ
1482 1048 1747 1114 ἀφανίσαι

150 1144 245 1213 ἀφ’
279 1144 442 1212 ἡμῶν
477 1141 784 1212 ήάμαρτία
813 1140 999 1210 ζητεῖ,
1024 1140 1101 1203 ὡς
1120 1140 1188 1192 ἂν
1247 1140 1347 1211 μὴ,
1377 1144 1488 1202 τοῖς
1538 1142 1603 1193 ἐκ
1652 1141 1747 1195 τοῦ

158 1234 467 1296 συνειδότος
496 1233 741 1301 ἐλέγχοις
768 1229 1211 1298 ξαινόμενοι,διὰ
1255 1232 1543 1301 μετανοίας
1572 1233 1748 1303 ἁπορο

157 1327 412 1397 ῥὶᾦωμεν
462 1328 564 1394 τὴν
613 1325 966 1389 ἐπείσακτον,
1026 1325 1123 1378 καὶ
1176 1324 1587 1394 προσλάϐωμεν
1644 1324 1746 1394 τὴν

152 1422 461 1489 ὁμόζυγον,
495 1420 591 1473 καὶ
622 1418 968 1487 παραινοῦσα
997 1418 1197 1480 πείθει,
1225 1418 1298 1480 ὡς
1332 1418 1398 1469 τὰ
1432 1416 1602 1469 πολλὰ
1619 1418 1747 1479 τοὺς

152 1516 232 1582 μὴ
266 1514 566 1582 νήφοντας,
608 1511 701 1564 καὶ
721 1510 962 1563 κλείεται
1017 1512 1045 1563 ό
1101 1508 1340 1578 ἐλέγχων
1394 1510 1452 1561 ἐν
1502 1509 1741 1577 φυλακῇ.

148 1608 351 1659 ﬁmi-ro
374 1606 439 1659 ἂν
466 1605 686 1673 φυλακὴ
718 1606 748 1673 ἡ
776 1604 889 1667 ἕξις
917 1604 1011 1655 τοῦ
1043 1602 1242 1656 κακοῦ.
1279 1602 1604 1670 Κρύπτεται
1641 1598 1736 1655 οὖν

150 1699 182 1748 ὁ
212 1698 373 1763 λόγος
414 1696 511 1763 ἀφ’
541 1696 699 1763 ἡμῶν
734 1698 793 1748 ἐν
826 1693 935 1757 ἕξει
964 1695 1262 1762 γενομένης
1302 1696 1403 1761 τῆς
1448 1693 1745 1764 ἁμαρτίας,

146 1790 245 1842 τοῦ
278 1790 397 1850 νοδς
421 1789 563 1857 μετὰ
590 1789 698 1841 τῶν
739 1786 907 1839 αὑτοῦ
931 1786 1274 1853 δαιτυμόνων
1308 1786 1745 1855 μεθύοντος,τῶν

1855 587 2211 640 adumbratur
2277 599 2457 654 terrm,
2524 606 2588 645 ac
2619 593 2825 662 pulveri
2855 596 3127 653 involutus
3179 600 3432 659 aﬂectus.

1854 677 1989 731 Dmn
2027 678 2190 750 igitur
2217 682 2426 750 peccati
2477 698 2628 739 amor
2654 686 2709 740 in
2750 696 2987 744 mentem
3036 692 3431 761 dominabitur,

1856 779 1982 825 tunc
2021 772 2264 841 proiecto
2311 783 2438 829 tunc
2492 778 2870 847 castigatorem
2900 780 3163 839 Joannem
3212 787 3266 841 in
3307 802 3435 841 cus-

1853 864 2057 917 todiam
2093 866 2210 918 dari
2243 866 2459 922 suadet.
2498 866 2739 937 lntellige
2766 872 2895 941 quid
2930 874 3031 927 hoc
3069 875 3434 934 abscondatur

1847 953 2014 1027 5.23
2041 956 2372 1026 aenigmate:
2402 958 2640 1015 Joannes
2669 971 2751 1015 est
2801 965 2959 1019 nobis
3003 978 3032 1018 a
3079 964 3190 1021 Deo
3234 969 3436 1037 imper-

1856 1047 2011 1097 titmn
2042 1046 2242 1100 donum
2278 1050 2537 1112 rationis,
2579 1064 2702 1119 qua:
2745 1056 3020 1119 peccantis
3081 1059 3428 1127 uniuscujus.

1850 1152 1956 1204 que
1984 1138 2377 1193 conscientiam
2413 1142 2620 1209 plectit.
2653 1142 2806 1197 Hanc
2838 1144 2933 1199 Dei
2955 1148 3184 1215 gratiam
3212 1164 3241 1203 a
3274 1151 3433 1206 nobis

1850 1240 2134 1297 peccatum
2185 1230 2397 1285 amoliri
2451 1235 2754 1300 contendit,
2817 1252 2885 1291 ne
2952 1241 3297 1296 conscientia:
3349 1256 3433 1295 re-

1848 1320 2305 1388 prehensionibus
2368 1323 2630 1379 stimulati
2714 1342 2815 1397 per
2884 1330 3260 1396 paenitentiam
3322 1334 3420 1402 eji-

1852 1412 2062 1465 ciamus
2093 1411 2327 1466 alienam
2363 1429 2612 1480 uxorem,
2639 1426 2693 1471 et
2729 1419 3023 1489 legitimam
3055 1424 3387 1490 accipiamus
3414 1443 3444 1479 :-

1850 1512 1903 1555 et
1934 1503 2110 1559 minus
2146 1514 2403 1572 attentos,
2454 1522 2517 1560 ac
2548 1508 2760 1563 sobrios
2811 1511 3131 1582 plerumque
3158 1514 3431 1569 hortando

1851 1595 2102 1663 perpellit
2131 1612 2146 1649 :
2181 1596 2421 1667 adeoque
2450 1600 2501 1653 in
2535 1615 2756 1655 carcere
2785 1604 3082 1673 castigator
3111 1606 3428 1661 includitur.

1854 1684 1958 1740 Per
1983 1701 2265 1742 carcerem
2315 1688 2555 1744 habitum
2592 1692 2899 1762 intelligere
2949 1698 3124 1764 possis
3172 1700 3226 1751 in
3260 1700 3404 1755 maio

1853 1777 2226 1834 Absconditur
2254 1780 2418 1849 igitur
2450 1795 2479 1834 a
2515 1785 2672 1837 nobis
2705 1788 2840 1840 ratio
2874 1802 2999 1841 cum
3040 1790 3265 1845 invaluit
3294 1806 3428 1846 cor.-

148 1883 333 1933 αῦτῶν
354 1880 638 1948 λογισμῶν
663 1878 889 1948 δηλαδὴ,
925 1877 1242 1948 ἐξορχείται
1276 1878 1417 1930 κατὰ
1444 1878 1543 1947 τῆς
1581 1876 1740 1946 ἡμῶν

1849 1870 2080 1925 auetudo
2116 1872 2325 1941 peccati
2352 1912 2369 1936 ,
2402 1887 2635 1942 cumque
2668 1892 2823 1929 mens
2853 1893 2954 1932 una
2998 1895 3121 1934 cum
3153 1883 3268 1937 suis
3302 1898 3433 1937 con-

148 1973 408 2040 εὶιηυείας
442 1972 475 2041 ἡ
504 1970 605 2039 τῆς
624 1968 901 2039 ἁμαρτίας
933 1968 1184 2039 θυγάτηρ
1220 1968 1417 2038 ἡδονὴ,
1452 1967 1728 2037 πανταχό-

149 2067 244 2120 θεν
271 2068 421 2135 ἡμᾶς
456 2065 858 2125 ὑποσαίνουσα,
891 2065 989 2116 καὶ
1007 2058 1169 2115 ἆθλον
1211 2059 1451 2131 ζητοῦσα
1484 2062 1734 2116 Ἰωάννου

146 2162 240 2211 τὸν
266 2159 522 2211 θάνατον.
555 2157 774 2209 Δέδοικε
808 2157 915 2224 γάρ
947 2156 1049 2225 μὴ,
1080 2152 1179 2223 τῆς
1232 2153 1479 2224 φυλακῆς
1537 2152 1739 2206 ἀπολυ-

150 2255 289 2316 θεὶς,
319 2255 435 2314 τοῖς
466 2252 711 2320 ἐλέγχοις
743 2249 992 2302 διαλύσοι
1020 2249 1111 2301 τὸν
1168 2247 1433 2317 ἀθέμιτον
1466 2245 1733 2315 θάλαμον.

149 2344 303 2396 ιιισα
330 2345 361 2411 ἡ
388 2342 600 2411 ἱστορία
620 2343 708 2394 διὰ
738 2340 944 2394 τούτων
977 2340 1317 2393 ἐνδείκνυται
1345 2341 1357 2392 i
1399 2341 1650 2394 Ἐπειδὰν
1677 2342 1735 2393 ἐν

150 2437 265 2499 ἕξει
297 2435 395 2486 τοῦ
422 2433 597 2486 κακοῦ
627 2435 835 2506 ποιήσῃ
866 2434 1015 2503 ἡμᾶς
1050 2436 1076 2485 ό
1107 2432 1382 2497 διάϐολος,
1438 2433 1519 2487 ἔτι
1562 2434 1738 2505 δειλιᾷ

151 2530 367 2597 μήποτε
402 2526 792 2596 ἀνανήψωμεν,
818 2527 914 2579 καὶ
932 2526 1066 2595 πρὸς
1089 2526 1401 2593 ἀπόγνωσιν
1431 2528 1579 2596 ἡμᾶς
1609 2526 1737 2579 διω-

151 2621 255 2671 θεῖ.
285 2616 459 2683 Οὗτος
492 2621 600 2688 γάρ
658 2621 686 2670 ό
734 2620 986 2673 Ἰωάννου
1042 2619 1203 2688 φόνος
1254 2620 1391 2683 ἐστὶ,
1439 2621 1533 2672 καὶ
1592 2620 1736 2673 οὓτω

151 2716 382 2782 θνήσκει
415 2714 448 2781 ὴ
471 2714 528 2764 ἐν
555 2714 689 2779 ἡμῖν
720 2712 884 2781 χάρις
909 2712 1003 2765 τοῦ
1029 2713 1213 2780 λόγου,
1266 2712 1439 2764 οἱονεὶ
1498 2730 1737 2783 καρατο-

153 2806 402 2873 μουμένη
439 2804 515 2873 τῷ
549 2804 693 2871 ξίφει
722 2805 819 2873 τῆς
852 2806 1242 2873 ἀπογνώσεως.
1274 2806 1442 2858 Ὅταν
1463 2805 1554 2858 οῦν
1576 2805 1738 2859 τοῦτο

150 2899 401 2964 γένηται,
427 2899 699 2967 ἀναχωρεῖ
722 2898 815 2964 ἀφ’
849 2898 1005 2965 ἡμῶν
1041 2900 1073 2968 ἡ
1129 2900 1375 2967 σωτηρία
1406 2915 1419 2929 ο
1484 2917 1502 2950 ι
1551 2899 1740 2952 Ἀκού-

154 3007 248 3049 σας
284 2990 631 3057 γὰρ,φησὶν,
661 2993 688 3041 ὁ
756 2990 963 3059 Ἰησοῦς
1015 2991 1384 3060 ἀνεχώρησεν.
1424 3011 1441 3043 ι
1514 2992 1605 3055 Ὠς
1668 2993 1735 3045 ἂν

152 3078 242 3133 οὖν
279 3082 357 3150 μὴ
399 3081 561 3132 τοῦτο
621 3085 827 3150 συμϐῇ,
899 3084 1297 3152 σπουδάσωμεν
1336 3084 1564 3153 φεύγειν
1638 3086 1739 3154 τὴν

164 3174 475 3241 Ἡρωδιάδα
508 3172 606 3242 τὴν
638 3173 992 3242 δερματίνην,
1051 3176 1495 3245 ἐνστερνίζεσοαι
1546 3178 1604 3228 δὲ
1647 3178 1741 3230 καὶ

154 3266 344 3317 ποθεῖν
376 3266 475 3335 τὴν
502 3265 773 3332 ὀμόζυγον
806 3265 899 3318 τοῦ
942 3266 1061 3327 νοὸς
1084 3266 1307 3335 ἀρετὴν,
1336 3268 1432 3337 τὴν
1460 3266 1738 3338 θυγατέρα

154 3356 243 3408 τοῦ
276 3356 559 3419 Βασιλέως
583 3356 847 3426 Χριστοῦ,
910 3358 1239 3425 ἐφεπόμενοι
1274 3358 1351 3426 τῷ
1392 3359 1734 3429 πατριάρχου

164 3448 419 3518 Ἁϐραάμ
452 3449 843 3515 ὑποδείγματι,
876 3448 963 3511 ὃς,
1001 3447 1248 3499 ἐκϐαλὼν
1307 3450 1406 3517 τὴν
1444 3451 1737 3521 παιδίσκην

154 3542 379 3594 κατὰτὸ
423 3542 569 3595 θεῖον
601 3542 908 3609 ἐπίταγμα,
947 3543 1181 3609 κατέσχε
1262 3540 1361 3607 τὴν
1419 3543 1735 3611 ἐλευθέραν.

157 3636 231 3686 Οὐ
255 3637 370 3702 γάρ
394 3628 464 3703 ἦν
489 3634 646 3700 θέμις
703 3636 941 3684 συνεῖναι
976 3636 1042 3703 τῇ
1091 3634 1261 3700 ἁρετῇ
1299 3632 1398 3699 τὴν
1450 3633 1649 3685 κακίαν
1678 3636 1737 3688 ἐν

161 3731 215 3797 cf;
273 3727 370 3779 τοῦ
410 3726 751 3797 πατριάρχου
792 3725 961 3796 ψυχῇ,
1034 3728 1173 3795 ὅπερ
1232 3727 1320 3779 διὰ
1373 3725 1470 3793 τῆς
1528 3726 1723 3796 δούλης

157 3823 244 3871 καὶ
285 3824 386 3887 τῆς
418 3818 713 3886 ἐλευθέρας
736 3819 763 3870 ὁ
790 3818 947 3887 λόγος
982 3819 1226 3889 ᾐνίξατο.
1266 3818 1505 3889 Ἀληθῶς
1529 3822 1637 3889 γὰρ
1668 3820 1737 3873 τὰ

155 3913 249 3980 τῆς
274 3913 477 3974 κακίας
518 3914 840 3982 γεννήματα
894 3913 955 3965 οὐ
1004 3912 1408 3983 κληρονομήσει
1438 3930 1577 3980 μετλ
1627 3912 1736 3964 τῶν

155 4006 394 4071 εὐγενῶν
424 4005 673 4072 ἐγγόνων
703 4006 803 4073 τῆς
833 4005 1061 4074 ἀρετῆς,
1096 4005 1217 4056 οὐδὲ
1263 4004 1588 4073 ἐπιϐήσεται
1636 4006 1736 4074 τὴν

157 4100 353 4167 νοητὴν
385 4098 489 4165 γῆν
522 4097 625 4166 τῆς
658 4096 1017 4163 ἐπαγγελίας,
1061 4097 1128 4167 ἢν
1152 4100 1199 4147 oi
1235 4101 1432 4166 πραεῖς
1466 4099 1737 4167 κληρονο-

159 4194 392 4258 μήσουσι
418 4190 561 4241 κατά
589 4189 687 4259 τὴν
721 4188 872 4241 θείαν
909 4193 1117 4260 φωνήν,
1155 4190 1372 4258 Ταύτης
1427 4192 1519 4243 καὶ
1575 4194 1737 4260 ἡμεῖς

156 4281 556 4348 ἐπιϐαίνωμεν,
595 4279 843 4331 καὶτῶν
918 4281 978 4330 ἐν
1027 4281 1164 4350 αὐτῇ
1250 4281 1437 4333 ἀϊδίων
1517 4282 1738 4350 ἀγαθῶν

154 4370 571 4439 ἀπολαύσαιμεν
624 4369 942 4438 πρεσϐείαις
972 4371 1096 4429 ,τοῦ
1148 4372 1391 4439 μεγάλου
1427 4375 1734 4443 προφήτου,

154 4464 489 4532 προδρόμου,
518 4464 613 4514 καὶ
642 4462 956 4514 Βατττιστοῦ
1000 4465 1275 4527 Ἰωάννου,
1309 4466 1404 4515 καὶ
1428 4467 1613 4533 χάριτι
1639 4466 1737 4534 τῆς

1849 1963 2021 2027 vivis,
2055 1963 2190 2032 ipsis
2229 1963 2439 2019 scilicet
2477 1967 2898 2033 cogitationibus
2930 1970 3195 2027 inebriata
3242 1974 3429 2039 fuerit,

1846 2055 2009 2109 saltat
2040 2056 2248 2125 peccati
2278 2055 2388 2110 lilia
2421 2057 2667 2127 voluptas
2701 2062 2948 2118 stultitiae
2974 2104 2989 2128 ,
3035 2080 3099 2120 ac
3157 2070 3427 2123 vecordiae

1849 2157 2051 2201 nostrae
2106 2157 2388 2216 tempore,
2442 2164 2505 2205 ac
2560 2152 2716 2207 nobis
2777 2155 3125 2212 adblanditur
3174 2162 3432 2216 omnibus

1850 2241 2063 2305 modis.
2120 2253 2173 2295 et
2200 2239 2432 2297 Joannis
2458 2244 2776 2311 interitum,
2813 2257 2870 2300 ut
2920 2250 3201 2317 praemium
3251 2254 3428 2322 petit;

1850 2334 2004 2387 timet
2041 2334 2187 2387 enim
2225 2348 2291 2387 ne
2328 2349 2551 2390 carcere
2576 2336 2687 2406 jam
2719 2337 2944 2395 liberata
2971 2382 2987 2406 ,
3033 2342 3430 2413 obiurgationi-

1852 2427 1954 2481 bus
1998 2426 2208 2482 crebris
2256 2427 2529 2483 nefarium
2575 2430 2889 2501 conjugium
2930 2434 3175 2489 dirimat.
3212 2436 3427 2503 Quanta

1849 2535 1947 2589 per
1981 2522 2094 2575 haec
2142 2521 2641 2578 consideratiouum
2673 2528 2914 2593 suppetit
2953 2529 3131 2597 capia.
3188 2529 3287 2586 Ubi
3324 2548 3422 2589 nos

1857 2614 1923 2664 ad
1975 2613 2219 2667 habitum
2276 2614 2481 2682 peccati
2528 2615 2777 2670 diabolus
2825 2621 2934 2687 jam
2972 2621 3194 2689 adegit,
3250 2626 3427 2681 adhuc

1854 2706 2091 2770 metuit,
2136 2720 2204 2760 ne
2254 2705 2549 2775 aliquando
2582 2709 3002 2778 resipiscamus;
3039 2715 3281 2784 adeoque
3330 2733 3426 2772 nos

1851 2798 1916 2849 ad
1962 2798 2398 2866 desperationem
2431 2800 2679 2870 impellit.
2730 2800 2856 2857 llaec
2884 2803 3027 2858 enim
3057 2808 3232 2861 ctedes
3257 2807 3427 2862 Joan-

1854 2890 1939 2939 nis
1989 2900 2073 2942 est
2100 2928 2118 2954 ,
2172 2900 2339 2959 atque
2375 2892 2446 2945 ita
2480 2894 2532 2945 in
2569 2892 2724 2947 nobis
2778 2895 3005 2950 rationis
3036 2897 3208 2966 gratia
3260 2900 3424 2953 veluti

1854 2983 2255 3049 desperationis
2312 2985 2496 3054 gladio
2528 2986 2853 3043 obtruncata
2886 2992 3139 3045 moritur.
3192 2993 3425 3059 Quando

1854 3076 2017 3143 igitur
2047 3076 2101 3129 id
2130 3078 2393 3137 evenerit.
2429 3079 2631 3132 recedit
2654 3094 2682 3131 a
2715 3080 2873 3134 nobis
2896 3082 3078 3137 salus:
3109 3101 3129 3134 ι
3159 3083 3423 3148 Audiens,

1852 3167 2022 3230 enim,
2063 3169 2261 3237 inquit,
2288 3167 2447 3222 Jesns
2479 3171 2732 3224 secessit.
2770 3190 2789 3223 ι
2828 3170 2905 3225 Ne
2942 3172 3106 3242 igitur
3137 3174 3239 3229 hoc
3269 3176 3425 3230 nobis

1842 3261 2143 3331 contingat,
2176 3264 2493 3316 Studeamus
2544 3263 2903 3319 Herodiadem
2952 3265 3098 3320 illam
3136 3268 3419 3337 pelliceam

1842 3349 2029 3419 fugere
2058 3366 2073 3415 ;
2105 3352 2402 3419 amplexari
2440 3368 2565 3408 vero
2610 3363 2663 3407 et
2716 3355 3106 3425 concupiscere
3135 3358 3416 3430 conjugem

1840 3445 2041 3498 mentis
2069 3442 2360 3509 virtutem,
2391 3445 2551 3498 tiliam
2596 3446 2741 3499 illaut
2769 3446 2972 3503 Christi
3036 3452 3177 3521 regis
3197 3492 3214 3517 ,
3244 3462 3299 3508 et
3323 3469 3420 3522 pa-

1844 3536 2091 3589 triarcha:
2136 3537 2430 3590 Abrahami
2494 3552 2874 3594 consectemur
2924 3544 3268 3613 exemplum,
3324 3548 3417 3617 qui

1839 3642 1905 3680 ex
1945 3626 2127 3682 divino
2171 3641 2441 3696 praecepto
2504 3630 2674 3698 ejecta
2707 3633 2904 3686 ancilla
2930 3673 2946 3697 ,
2985 3635 3210 3691 retinuit
3275 3637 3411 3691 libe-

1840 3734 1975 3773 ram.
2008 3718 2194 3789 Neque
2228 3724 2370 3775 enim
2406 3722 2485 3775 ias
2511 3731 2594 3776 est
2614 3739 2717 3777 una
2757 3726 2964 3779 versari
3004 3727 3055 3780 in
3082 3731 3410 3796 patriarchas

1844 3813 2025 3867 animo
2057 3828 2180 3867 cum
2218 3814 2418 3867 virtute
2468 3816 2729 3869 malitiam
2757 3856 2771 3879 ,
2829 3819 2970 3885 quod
3003 3836 3098 3889 per
3132 3824 3412 3890 ancillam,

1840 3915 1894 3959 et
1952 3906 2177 3959 liberam
2219 3904 2396 3958 innuit
2449 3920 2631 3959 sermo
2676 3907 2910 3963 divinus.
2965 3910 3043 3963 Re
3092 3912 3238 3966 enim
3287 3929 3413 3969 vera

1846 3997 1964 4050 vitii
1997 3997 2211 4052 soboles
2261 4012 2383 4050 cum
2418 3997 2664 4065 ingenuis
2698 3998 2908 4054 virtutis
2947 4000 3129 4057 liberis
3164 4019 3268 4057 non
3308 4006 3416 4060 ha:-

1849 4088 2126 4150 reditahit,
2166 4102 2345 4156 neque
2379 4087 2443 4140 ad
2476 4089 2864 4159 intelligibilem
2895 4093 3272 4159 promissionis
3309 4107 3417 4151 ter-

1846 4196 1962 4232 ram
2026 4178 2240 4244 adibit,
2305 4194 2467 4247 quam
2525 4180 2679 4249 juxta
2736 4184 3152 4250 promissionem
3204 4188 3412 4243 Domini

1844 4271 2199 4341 possidebunt
2252 4270 2415 4325 mites
2450 4271 2515 4325 ⁸³.
2551 4272 2632 4325 Ad
2682 4274 2820 4327 hanc
2871 4290 2968 4328 nos
2998 4281 3283 4345 pervenire
3308 4320 3323 4344 ,
3358 4290 3415 4335 et

1844 4364 2193 4431 sempiternis
2231 4362 2377 4417 illius
2433 4363 2593 4418 bonis
2652 4365 2858 4433 perl‘rui
2913 4369 3188 4424 enitamur
3242 4371 3414 4427 inter-

1844 4458 2183 4512 cessionibus
2218 4457 2397 4525 magni
2438 4456 2585 4511 illius
2614 4462 2911 4527 prophetae,
2959 4466 3329 4531 praecursoris,
3361 4477 3415 4521 et

157 4556 623 4625 ὑπερερώτου,καὶ
654 4557 969 4627 ζωαρχικῆς
1004 4555 1263 4627 Τριάδος,
1300 4558 1397 4625 τῆς
1432 4563 1489 4609 ἐν
1533 4559 1733 4627 “arpi,

1847 4551 2100 4618 Baptista:
2126 4548 2351 4602 Joannis
2379 4588 2395 4613 ,
2445 4558 2498 4603 et
2528 4552 2697 4617 gratia
2738 4550 3019 4606 Trinitatis
3068 4555 3188 4609 vitae
3228 4556 3410 4624 fontis,

156 4652 247 4700 καὶ
294 4649 425 4718 Υἱῷ,
474 4651 569 4702 καὶ
646 4650 787 4719 ἁγίῳ
847 4648 1129 4718 Πνεῦματι
1166 4650 1600 4720 γνωριζομένης,
1633 4654 1731 4721 τῆς

158 4738 488 4807 ἀδιαιρέτου,
551 4740 646 4790 καὶ
712 4739 1005 4808 όμοουσίου
1034 4736 1729 4812 φύσεως,ᾖπρέπειπᾶσα
1775 4802 1784 4813 ,

155 4832 301 4898 τιμὴ,
335 4830 434 4881 καὶ
465 4830 613 4894 δόξα,
636 4830 730 4881 καὶ
754 4830 980 4896 αῖνεσις,
1015 4832 1107 4883 καὶ
1142 4834 1615 4904 μεγαλοπρέπεια,
1640 4836 1736 4889 νῦν

158 4925 247 4973 καὶ
284 4924 395 4987 ἀεὶ,
429 4921 524 4974 καὶ
548 4923 627 4982 εἰς
660 4921 786 4984 τοὺς
817 4922 1021 4985 αἰῶνας
1053 4923 1161 4975 τῶν
1188 4925 1420 4979 αἰώνων.
1466 4926 1659 4998 Ἀμήν.

723 5098 985 5152 ὈΜΙΛΙΔ
1015 5098 1135 5153 EB’.

511 5195 615 5257 Εἰς
634 5192 741 5245 τὸν
766 5194 1097 5263 γενόμενον
1124 5195 1385 5264 αὐχμόν.

232 5304 252 5337 ι
295 5286 390 5339 Ti:
414 5285 579 5339 δώσει
602 5287 667 5355 τῇ
690 5284 905 5356 κεφαλῇ
936 5301 1038 5356 μου
1069 5284 1235 5356 ὕδωρ,
1271 5288 1366 5340 καὶ
1394 5289 1508 5350 τοῖς
1534 5288 1762 5367 ὀφθαλ-⁶

232 5406 277 5438 "
314 5406 508 5461 ldatth.
540 5422 593 5471 v,
624 5403 680 5459 4.

1841 4651 1889 4693 et
1936 4642 2111 4694 lucem
2144 4641 2456 4694 excedentis
2487 4656 2703 4696 omnem
2737 4642 2871 4711 (l0),
2902 4661 3021 4713 qua:
3057 4647 3106 4699 in
3156 4647 3316 4705 Patre
3363 4660 3413 4705 et

1847 4743 2036 4786 sancto
2074 4732 2280 4801 Spiritu
2317 4736 2664 4801 cognoscitur
2688 4736 2849 4788 unius
2883 4738 3145 4805 indivisze,
3180 4746 3418 4797 consub-

1845 4824 2232 4892 stantialisque
2269 4833 2519 4890 natura),
2556 4827 2641 4879 cui
2684 4830 2939 4882 convenit
2988 4832 3169 4885 onmis
3220 4834 3415 4900 ltonor,

1844 4927 1896 4971 et
1928 4917 2120 4985 gloria,
2154 4925 2211 4971 et
2241 4917 2379 4980 laus,
2412 4928 2465 4970 et
2502 4918 2904 4987 magniﬁcentia
2948 4938 3093 4977 nunc
3128 4933 3181 4978 et
3202 4941 3418 4997 semper

1836 5023 1889 5062 ct
1922 5011 1971 5060 in
2008 5009 2199 5062 StECulit
2236 5007 2573 5061 saeculorum.
2615 5015 2805 5068 Amen.

2368 5097 2658 5153 HOMILIA
2721 5100 2881 5156 LXII.

1988 5191 2063 5242 De
2095 5190 2331 5241 siccitate
2369 5188 2482 5257 (ll)
2512 5205 2629 5258 qua:
2675 5207 2733 5243 eo
2770 5202 2999 5261 tempore
3032 5196 3270 5265 contigit.

1910 5283 2078 5356 ἀεῖ,
2123 5301 2140 5333 ‹
2188 5280 2321 5346 Quis
2369 5281 2521 5335 dabit
2553 5281 2720 5350 capi“
2766 5300 2886 5339 meo
2920 5302 3135 5353 aquam,
3158 5303 3212 5341 et
3245 5293 3415 5345 oculis

1399 5478 1717 5538 Franctsm
1747 5475 1953 5538 Scorsi
1991 5480 2174 5536 notis.

233 5578 303 5648 (Ἰ)
364 5578 648 5631 Pelticettm
702 5578 1130 5648 interpretamur.
1182 5574 1307 5631 Haec
1363 5577 1738 5647 interpretatio

164 5650 396 5702 disznssa
424 5659 507 5700 est
538 5650 603 5701 ad
628 5650 774 5701 hom.
799 5648 890 5706 52,
925 5659 1035 5701 not.
1069 5647 1159 5702 25.

233 5720 343 5786 (10)
393 5718 582 5771 Lucem
616 5718 911 5771 excedentis
956 5734 1179 5770 omnem
1227 5717 1610 5786 'l‘mptptb‘roa,
1657 5718 1737 5770 sic

164 5788 369 5843 locutus
417 5791 560 5842 hom.
593 5788 647 5848 5,
686 5789 750 5839 ad
785 5802 945 5855 quam
973 5789 1090 5841 vide
1121 5799 1237 5843 not.
1283 5790 1351 5855 8;
1378 5788 1452 5841 ibi
1487 5789 1629 5842 enint
1671 5788 1737 5841 dc

167 5861 460 5921 huiusmodi
498 5858 755 5922 epithetis
780 5859 1071 5923 copiosius.

1913 5572 2027 5643 (ιι)
2087 5571 2164 5643 De
2198 5570 2446 5643 siccitate.
2492 5568 2625 5623 Tres
2704 5571 2978 5626 siccitates
3037 5587 3288 5641 agrorum
3342 5575 3413 5629 ob

1839 5640 2035 5713 pluvia:
2064 5641 2324 5695 defectum
2358 5640 2950 5713 Constantinopnlitano
3006 5640 3140 5697 etin
3176 5646 3412 5698 cireum-

1842 5710 1987 5766 cirta
2051 5713 2359 5775 regionibus
2425 5712 2720 5779 cnntigisse
2759 5710 2994 5765 Joannes
3058 5714 3410 5779 Curopalates

1840 5795 1891 5833 et
1916 5800 1981 5835 ex
2006 5798 2069 5835 eo
2093 5784 2365 5835 Cedrenns
2388 5782 2679 5839 memoriae.
2704 5781 3005 5852 litterisque
3035 5783 3406 5848 prodiderunt.

1843 5853 2075 5905 l'rimam
2134 5856 2325 5918 imper.
2386 5852 2602 5915 Basilio,
2660 5853 2748 5919 qui
2786 5853 3053 5920 imperare
3103 5856 3409 5921 cmpitpust
