4168 6456
201 407 338 470 1073

1583 402 1915 467 HOMILIA
1953 404 2141 466 LXII.

3330 409 3477 475 1074

194 522 424 590 γέλλετο
454 524 482 575 ό
529 522 686 587 Θεὸς,
719 524 769 577 εί
810 524 1138 593 φυλάττοιεν
1183 522 1283 581 τὰς
1330 518 1522 573 ἀὐτοῦ
1555 516 1776 580 ἐντολὰς

1907 519 2121 587 plueret
2156 519 2385 574 imbrem
2438 520 2792 587 matutinum,
2824 530 2878 577 et
2906 523 3203 578 ser0tinum
3230 561 3246 589 ,
3300 532 3353 577 et
3390 538 3482 579 re-

193 617 492 685 ἑπιδρέξαι
548 617 705 671 ὑετὸν
757 618 1029 687 πρὼῖμον,
1092 617 1186 669 καλ¹
1233 613 1450 683 ὄψιμον,
1506 612 1600 665 καὶ
1658 611 1792 681 πλη-

194 709 568 778 θυνθήσεσθαι
620 711 721 772 τὰς
769 709 984 772 ἅλωνας
1046 708 1220 773 σίτου,
1270 706 1365 759 καὶ
1408 706 1535 769 τοὺς
1596 706 1792 775 ληνοὺς

187 804 365 861 οἴνου.

254 898 428 968 Ἥμῖν
449 899 505 952 δὲ
525 901 556 968 ἠ
577 897 882 965 ἐπαγγελία
903 896 1043 967 αὕτη
1063 897 1141 959 εἰς
1157 896 1468 950 τούναντίον
1489 894 1790 963 μετέστρα-

190 1006 352 1053 πται,
388 990 593 1059 μᾶλλον
618 991 674 1043 δὲ
708 992 855 1060 ἡμᾶς
890 992 923 1058 ἡ
958 991 1054 1042 τοῦ
1094 989 1364 1058 Ἱερεμίου
1391 989 1605 1058 κατάρα
1659 1004 1792 1039 κατ-

189 1083 443 1151 είληφεν.
487 1085 704 1136 «Ἔστω
734 1100 838 1147 σοι,
869 1085 1053 1153 φησὶν,
1071 1083 1098 1135 ὀ
1132 1084 1271 1152 ὑπὲρ
1296 1083 1539 1153 κεφαλῆς
1560 1081 1791 1151 οὐρανὸς

196 1176 628 1247 χαλκοῦς,ιτὴν
678 1176 917 1243 παντελῆ
995 1176 1289 1244 ξηρασίαν,
1361 1176 1458 1228 καὶ
1518 1174 1791 1245 ἐπίλειψιν

186 1268 305 1320 τῶν
338 1268 550 1322 ὑδάτων
621 1268 717 1321 τοῦ
770 1268 1130 1339 ἀπειλητικοῦ
1182 1268 1345 1336 λόγου
1402 1268 1789 1337 σημαίνοντος.

193 1359 266 1411 ’11
314 1361 379 1412 οὐ
430 1358 592 1413 τοῦτο
625 1361 761 1430 ἡμῖν
808 1360 1012 1429 ἀρτίως
1044 1359 1405 1428 πεπλήρωται
1432 1377 1445 1422 ς
1477 1361 1508 1427 ἠ
1549 1359 1649 1426 μὲν
1681 1357 1792 1429 γὰρ

192 1452 264 1515 TT:
298 1450 719 1520 χαραδρωθεῖσα
752 1451 831 1520 τῷ
862 1450 1082 1519 αὐχμῷ,
1124 1450 1219 1503 καὶ
1249 1445 1363 1502 οἷον
1391 1449 1791 1502 ἀπολιθωθεῖσα

188 1543 307 1593 τῶν
353 1543 619 1611 γεωργῶν
648 1543 742 1596 τὸν
778 1544 942 1595 πόνον
989 1543 1323 1613 ὴμάλδυνεν.
1372 1541 1512 1594 Οὔτε
1550 1543 1658 1611 μὴν
1689 1544 1791 1612 τὴν

189 1638 391 1704 ἄροσιν
439 1638 881 1707 παραδεχομένη,
929 1636 1055 1691 οὔτε
1106 1637 1206 1707 τὴν
1256 1637 1576 1705 σκάφησινο
1625 1638 1695 1690 τὰ
1734 1637 1790 1689 δὲ

189 1729 325 1798 λὴῖα
382 1730 579 1799 μικρὸν
627 1731 1101 1799 ἐκδλαστήσαντα,
1137 1730 1231 1782 καὶ
1280 1730 1528 1801 χρηστὰς
1568 1727 1790 1790 ἐλπίδας

190 1823 558 1890 παρασχόντα
614 1822 720 1892 πρὸ
742 1821 834 1875 τοῦ
864 1824 1237 1892 ἐγκυμονῆσαι
1266 1823 1357 1875 τὸν
1378 1821 1791 1891 ἇσταχυν,ἀπε-

1901 608 2181 679 plerentur
2213 625 2322 665 ara:
2353 610 2647 677 frumento,
2680 621 2735 667 et
2761 612 3047 667 toreularia
3086 612 3212 667 vino
3236 612 3303 665 ".

1975 894 2142 951 Nobis
2169 905 2347 952 autem
2381 897 2496 951 haec
2519 896 2801 965 prophetia
2825 896 2877 949 in
2908 894 3248 949 contrarium
3275 892 3441 949 vertit
3463 909 3478 925 ο

1902 986 1996 1040 sed
2027 987 2208 1056 potius
2252 1002 2349 1041 nos
2381 986 2635 1041 Ieremia.-
2684 986 3002 1053 imprecatio
3048 984 3482 1054 comprehendit.

1906 1092 1927 1128 ι
1974 1075 2057 1131 Sit
2089 1076 2208 1144 tibi,
2267 1076 2464 1145 inquit,
2510 1075 2706 1132 cmlum
2738 1090 2950 1129 ter-zeum
2982 1074 3095 1145 (12)
3124 1089 3290 1142 super
3321 1082 3485 1142 caput

1905 1179 2057 1224 tuum
2088 1169 2160 1234 '°,
2198 1185 2218 1219 ι
2253 1168 2453 1236 quibus
2482 1166 2793 1222 minacibus
2825 1166 3005 1221 verbis
3033 1164 3254 1218 siccitas
3306 1164 3486 1217 maxi-

1903 1278 2011 1325 ma,
2056 1270 2112 1316 et
2143 1275 2407 1331 aquarum
2440 1260 2672 1316 defectio
2716 1257 2899 1314 futura
2932 1257 3271 1327 signiﬁcatur
3317 1254 3485 1329 525

1901 1369 2084 1409 nonne
2117 1355 2219 1409 hoc
2282 1354 2336 1406 in
2372 1350 2530 1407 nobis
2555 1352 2732 1419 {modo
2778 1350 3105 1421 completum
3154 1347 3276 1404 est?
3313 1349 3486 1403 Terra

1906 1444 2053 1499 enim
2101 1446 2207 1499 hac
2238 1444 2491 1500 siccitate
2547 1445 2785 1510 torrida,
2829 1452 2886 1499 et
2933 1442 3098 1499 veluti
3150 1440 3486 1511 lapidescens

1901 1552 2120 1591 omnem
2162 1537 2525 1607 agricolarum
2571 1536 2809 1591 laborem
2862 1535 3119 1590 frustrata
3153 1542 3237 1589 est
3262 1573 3277 1598 ,
3311 1545 3486 1601 neque

1904 1630 2209 1683 arationem
2289 1641 2463 1696 neque
2534 1626 2833 1682 fossionem
2896 1623 3211 1677 admittens.
3263 1620 3485 1691 Se-getes

1902 1736 2031 1776 vero
2079 1720 2362 1791 paululum
2412 1721 2590 1789 primo
2638 1720 3009 1779 virescentes,
3053 1726 3103 1770 et
3156 1730 3281 1784 spes
3310 1715 3482 1769 bonas

1900 1816 2288 1878 ostendentes,
2339 1823 2630 1881 antequam
2688 1821 2965 1881 turgentes
3012 1808 3178 1877 spicae
3223 1809 3484 1863 lactesce-

194 1882 481 1983 μαρὲνθη,
518 1916 611 1967 καὶ
645 1882 837 1987 ῶχετο,
873 1882 1019 1987 μόνη.
1040 1918 1097 1971 δὲ
1130 1882 1432 1971 ’λέλειπται
1469 1882 1578 1969 τῶν
1604 1882 1786 1985 ἀμπέ-

1896 1919 2057 1975 rent,
2096 1910 2316 1965 siccatas
2370 1916 2495 1963 sunt
2526 1919 2581 1961 et
2626 1907 2927 1976 perierunt.
2963 1902 3087 1960 Sola
3120 1917 3251 1958 vero
3294 1902 3349 1957 in
3396 1900 3482 1955 vi-

190 2006 307 2057 λων
346 2006 443 2059 καὶ
465 2007 575 2058 τῶν
607 2007 791 2075 φυτῶν
818 2010 851 2078 ἡ
880 2009 1208 2074 πετάλωσις,
1244 2008 1384 2079 τάχα
1408 2008 1504 2061 καὶ
1530 2008 1670 2079 αὑτὴ
1694 2009 1784 2062 τὸν

194 2100 325 2165 μετ’
360 2099 548 2167 ὀλίγον
585 2102 878 2172 μαρασμδν
906 2103 1329 2172 ὕπεμφοιίνουσα
1357 2103 1447 2155 τδν
1497 2103 1779 2171 ἐσόμενον.

190 2187 456 2252 Τοιοῦτος
486 2191 593 2241 τῶν
635 2193 923 2261 ἁμαρτιῶν
955 2195 982 2245 ὁ
1017 2194 1257 2264 καρπὸς,
1306 2193 1537 2247 τοιαῦτα
1576 2195 1645 2247 τὰ
1685 2198 1786 2265 τῆς

191 2280 403 2342 κακίας
443 2282 712 2352 γεώργια.
754 2285 897 2338 Ἀνθ⁹
920 2282 995 2339 ὧν
1027 2287 1127 2340 οὐκ
1159 2287 1540 2355 ἐπορεύθημεν
1570 2289 1627 2338 ἐν
1667 2289 1786 2350 ταῖς

191 2371 337 2435 ὁδοῖς
365 2374 593 2442 Κυρίου,
627 2376 763 2430 ἀλλὰ
798 2379 921 2439 ταῖς
948 2379 1213 2448 πονηραῖς
1239 2377 1505 2449 ἐδουλώθη
1518 2396 1618 2447 μεν
1645 2379 1788 2449 πρά-

195 2463 373 2525 ξεσιν.
437 2466 686 2537 ἀλλήλων
770 2469 1115 2536 φθονοῦντες,
1178 2469 1286 2523 τῶν
1341 2470 1641 2523 ἐλαττόνων
1693 2473 1787 2524 καὶ

197 2558 553 2627 πενεστέρων
612 2562 1103 2633 κατεπαιρόμενοι,
1163 2562 1565 2631 ἐπιθυμοῦντες
1622 2581 1785 2634 κορε-

193 2649 396 2717 σθῆναι
438 2649 546 2702 τῶν
572 2652 891 2718 ἀλλοτρίων,
919 2654 1203 2723 χαίροντες
1232 2657 1298 2723 τῇ
1345 2655 1662 2725 δυσπραγίᾳ
1690 2657 1784 2708 τοῦ

192 2737 464 2801 γείτονος,
516 2738 777 2807 ἀλλήλους
839 2744 1219 2805 κατεσθίοντες
1273 2746 1339 2814 τῇ
1413 2746 1778 2817 συκοφαντίᾳ,

194 2829 431 2890 ἀτόποις
475 2828 796 2899 ἐπιθυμίαις
840 2824 1371 2904 δουλαγωγούμενοι,
1409 2837 1567 2889 ἵπποι
1616 2837 1784 2906 θηλυ-

199 2925 398 2987 μανείς
438 2925 747 2989 γεγονότες,
779 2926 806 2978 ὃ
840 2944 1007 2996 φησιν
1038 2929 1070 2997 ἡ
1105 2929 1317 2999 Γραφὴ,
1353 2930 1445 2983 καὶ
1490 2932 1643 2984 λύκοι
1686 2932 1787 3002 ἆρ-

195 3028 399 3078 παγες.
428 3014 524 3065 καὶ
549 3016 1021 3085 μνησικακοῦντες
1068 3019 1142 3081 ὠς
1164 3020 1427 3089 κάμηλοι,
1452 3022 1787 3075 οὐκέλεοῦν-

194 3120 289 3165 τες
331 3105 463 3165 τοὺς
495 3106 755 3175 πένητας,
792 3110 854 3160 οὗ
883 3109 1300 3178 συμπαθοῦντες
1326 3115 1441 3173 τοῖς
1470 3114 1779 3180 πταίουσιν,

1889 2005 2035 2060 netis
2072 2013 2126 2057 et
2175 2001 2413 2057 arbustis
2474 2001 2722 2055 foliorum
2766 1997 3106 2066 operimenta
3136 1996 3326 2050 relicta
3354 2003 3484 2051 sunt

1887 2112 2008 2167 quae
2078 2098 2245 2150 etiam
2292 2095 2407 2164 ipsa
2465 2107 2771 2148 marcorcm
2817 2090 3043 2159 jan'jam
3096 2090 3199 2144 sibi
3243 2088 3481 2143 futuram

1886 2188 2181 2244 ostendunt
2202 2186 2369 2250 :Etalis
2397 2198 2479 2241 est
2498 2194 2841 2254 peccatorum
2876 2181 3105 2245 fruetus,
3132 2181 3255 2236 talis
3282 2181 3484 2251 impro-

1891 2281 2083 2336 bitatis
2112 2280 2466 2350 agricultura.
2520 2276 2598 2332 Eo
2642 2277 2787 2347 quod
2839 2278 2892 2329 in
2944 2275 3045 2330 viis
3101 2273 3315 2328 Domini
3377 2288 3480 2326 non

1889 2372 2294 2428 ambulavimns
2318 2413 2333 2437 ,
2363 2374 2456 2426 sed
2491 2371 2649 2426 malis
2692 2370 2952 2441 operibus
3013 2369 3310 2437 mancipati
3372 2366 3484 2421 fui-

1893 2483 2014 2521 mus
2051 2466 2287 2520 inviccm
2344 2466 2688 2529 invidentes,
2719 2464 2775 2516 in
2842 2463 3059 2516 intimos
3112 2471 3166 2515 et
3219 2474 3487 2530 pauperes

1893 2563 2273 2631 superbientes
2300 2601 2314 2626 ,
2373 2560 2571 2614 alienis
2614 2560 2775 2612 rebus
2802 2557 3061 2612 exsatiari
3096 2556 3487 2621 concupiscen-

1890 2664 1974 2709 tes
2001 2695 2015 2719 ,
2052 2653 2217 2708 rebus
2248 2653 2497 2707 adversis
2527 2650 2691 2704 vicini
2722 2651 3023 2719 gaudentes
3049 2690 3065 2713 ,
3097 2647 3233 2701 alios
3265 2649 3353 2701 alii
3390 2663 3485 2702 ca-

1891 2746 2113 2799 lumniis
2134 2744 2505 2805 comedentes,
2521 2742 2775 2798 absurdis
2793 2741 3178 2809 cupiditatibus
3199 2740 3488 2810 (l3)obse-

1890 2832 2161 2909 quentes,
2188 2837 2310 2906 equi
2353 2835 2595 2891 furentes
2646 2836 2701 2890 in
2753 2834 2988 2891 feminas
3050 2833 3178 2889 facti
3232 2833 3371 2904 (14),
3423 2842 3483 2887 ιιι

1898 2940 1974 2992 ait
2007 2935 2290 3004 Scriptura
2333 2937 2403 3002 ⁷¹,
2434 2944 2489 2990 et
2529 2935 2639 3005 lupi
2687 2948 2913 3004 rapaces
2939 2972 2955 2997 ,
3001 2942 3057 2989 et
3108 2935 3248 2988 sicut
3294 2933 3485 2990 cameli

1892 3042 2162 3083 memores
2212 3028 2532 3097 injuriarum
2577 3026 2734 3095 (15),
2785 3025 2925 3080 nulla
2982 3040 3108 3094 erga
3169 3039 3471 3094 pauperes,

1890 3122 2034 3175 nulla
2128 3135 2256 3191 erga
2372 3129 2665 3187 peccantes
2764 3118 3237 3171 commiseratione
3300 3118 3473 3181 tacti,

196 3196 541 3263 ἀμελοῦντες
584 3198 693 3250 τῶν
739 3201 798 3252 ἐν
835 3203 901 3269 τῇ
951 3202 1253 3273 Ἐκκλησία
1284 3203 1582 3269 συνάξεων,
1611 3224 1784 3260 κατα-

1899 3228 2083 3266 sacras
2165 3226 2397 3283 synaxes
2487 3210 2742 3265 Ecclesia!
2802 3210 3176 3277 negligentes,
3254 3215 3473 3262 sanctos

197 3289 530 3356 φρονοῦντες
559 3291 665 3344 τῶν
691 3294 884 3359 ἁγίων,
903 3295 1003 3357 τὰς
1036 3296 1261 3365 μνήμας
1288 3297 1473 3349 αὐτῶν
1511 3298 1583 3368 μὴ
1620 3299 1777 3351 σεΰόο

197 3398 379 3447 μενοι,
413 3382 731 3457 φεύγοντες,
753 3372 871 3453 τὴνί
903 3386 1534 3461 ὲξομολόγησινχῶσπερ
1568 3394 1619 3443 οἱ
1648 3410 1781 3463 φρε-

194 3471 499 3537 νητιῶντες
532 3475 657 3537 τοὺς
678 3474 1111 3544 θεραπεύοντας.
1154 3481 1216 3532 Οί
1245 3480 1411 3551 ἱερεῖς
1443 3482 1617 3534 κακὸν
1650 3484 1781 3536 ὑπό-

197 3568 407 3636 δειγμα
436 3570 701 3637 γεγόνασι
731 3573 808 3642 τῷ
838 3573 953 3643 λαῷ
984 3575 1320 3645 ὑϐρίζοντες,
1368 3582 1782 3649 μνησικακοῦν-

196 3677 310 3725 τες,
369 3663 773 3732 ἐχθραίνοντες,
839 3666 1308 3733 ἐπιϐουλεύοντες,
1358 3672 1439 3733 είς
1489 3671 1785 3738 πρόσωπον

203 3756 528 3822 βλέποντες,
575 3758 675 3811 οὐκ
737 3760 1077 3830 ἐλέγχοντες,
1140 3764 1237 3814 καὶ
1294 3762 1641 3831 διορθοῦντες
1693 3765 1785 3818 τὸν

198 3848 489 3913 πταίοντα,
519 3850 655 3902 ἀλλά
694 3854 757 3921 τῇ
789 3856 965 3921 σιωπῇ
998 3855 1389 3918 κοινωνοῦντες
1417 3861 1513 3921 τῆς
1547 3859 1783 3923 ἀδικίας,

196 3940 270 4001 ὡς
299 3942 327 3991 ό
376 3942 605 4004 παλαιὸς
638 3945 844 4005 ἐκεῖνος
900 3945 1071 4002 Ἠλεί.
1107 3947 1171 3999 Ol
1224 3948 1423 4011 λαῖκοὶ,
1457 3949 1687 4015 ἀφέντες
1720 3952 1788 4004 τὰ

198 4030 411 4084 ἑαυτῶν
443 4032 674 4096 ἕκαστος
704 4038 1175 4104 περισκοπεῖν,τὰ
1203 4038 1312 4089 τῶν
1345 4039 1536 4107 ἱερέων
1569 4057 1790 4110 περιερ-

202 4125 492 4190 γάζονται,
553 4127 650 4178 καὶ
697 4127 951 4181 δικασταί
1014 4132 1156 4182 εἰσιν
1212 4132 1604 4200 ἀπαραίτητοι.
1661 4128 1787 4203 'Ap’

200 4217 300 4267 οὒκ
341 4216 607 4286 ἀληθειαν
635 4218 777 4284 λέγω
804 4234 819 4282 ;
853 4220 927 4271 Οὐ
956 4219 1163 4273 τούτων
1185 4220 1438 4290 ἔμπλεως
1463 4223 1572 4276 τῶν
1600 4222 1789 4277 κακῶν

200 4309 231 4373 ἡ
274 4307 434 4368 πόλις
476 4308 669 4376 maliv;
702 4310 800 4361 καὶ
826 4310 885 4362 οὐ
935 4310 1059 4363 καθ’
1092 4312 1334 4381 ἑκάστην
1360 4313 1534 4366 ταῦτα
1573 4314 1787 4384 μαρτύ-

203 4414 410 4467 ρομαι;
458 4401 563 4452 οὐκ
615 4401 885 4455 ἐκοπίασα
936 4401 1155 4473 κράζων
1227 4405 1321 4457 καὶ
1370 4405 1640 4459 νουθετῶν
1678 4407 1790 4461 τῶν

199 4494 384 4560 δρκων
410 4491 716 4561 ἀπέχεσθαι
745 4510 760 4559 ;
806 4495 879 4547 Οὐ
912 4496 1231 4565 προέλεγον,
1266 4497 1341 4561 ὡς
1374 4498 1436 4550 οὐ
1482 4498 1789 4568 παρόψεται

267 4649 313 4679 ⁸⁸
365 4644 487 4701 Joel
540 4663 635 4713 Ill,
687 4647 784 4716 23,
817 4648 909 4704 24.
982 4649 1030 4682 ’⁸
1081 4650 1240 4706 Deut.
1275 4667 1478 4717 xxvtn,
1510 4651 1603 4706 24.

1854 3317 2347 3371 contemnentes,
2402 3320 2699 3373 eorumque
2745 3305 3035 3358 memorias
3104 3302 3327 3356 minime
3387 3315 3482 3354 co-

1890 3398 2063 3451 lentes
2140 3396 2316 3467 (16):
2369 3396 2766 3452 confessionem
2830 3398 3065 3449 vitantes
3109 3434 3125 3459 ,
3200 3404 3253 3449 et
3320 3392 3478 3462 quasi

1889 3489 2191 3557 phrenetici
2240 3490 2481 3543 medicos
2516 3516 2527 3539 :
2558 3489 2903 3558 refugientes.
2960 3486 3281 3541 Sacerdotes
3345 3500 3475 3554 pra-

1891 3596 2015 3633 vum
2099 3581 2406 3650 exemplum
2480 3580 2675 3651 popqu
2741 3581 2867 3634 faeti
2919 3590 3048 3633 sunt
3124 3580 3473 3635 contumeliis

1894 3673 2028 3727 alios
2062 3672 2356 3727 allicientes
2387 3714 2400 3734 ,
2438 3674 2663 3743 injurias
2714 3673 2814 3727 sibi
2842 3670 3014 3725 factas
3049 3671 3308 3724 memoria
3341 3670 3478 3725 reti-

1894 3776 2122 3828 nentes,
2157 3764 2477 3819 inimicitias
2534 3772 2873 3826 exercentes,
2910 3763 3263 3826 insidiantes,
3293 3763 3475 3830 respi-

1896 3858 2105 3911 cientes
2156 3856 2209 3909 in
2241 3856 2459 3919 faciem,
2494 3870 2598 3908 non
2643 3852 3123 3923 reprehendentes,
3157 3866 3265 3905 non
3298 3851 3475 3905 corri-

1894 3959 2085 4016 gentes
2118 3956 2457 4017 peccantem,
2492 3948 2584 4002 sed
2612 3956 2671 4000 ut
2698 3956 2851 3999 vetus
2887 3944 2976 3998 ille
3012 3944 3125 3997 lleli
3155 3944 3225 4007 τ’,
3257 3942 3475 3997 silentio

1894 4041 2021 4095 facti
2053 4042 2348 4109 participes
2392 4040 2696 4109 iniustitiae.
2748 4038 2894 4092 Laici
2958 4053 3120 4107 porro
3164 4052 3262 4090 sua
3304 4050 3474 4091 unus-

1894 4134 2126 4202 quisque
2178 4133 2527 4188 considerare
2574 4132 2889 4186 omittentes
2938 4128 3281 4184 sacerdotum
3329 4127 3471 4182 facta

1894 4225 2211 4293 inquirunt,
2263 4236 2315 4278 et
2357 4225 2571 4295 judices
2622 4233 2746 4276 sunt
2804 4222 3174 4294 implacabiles
3222 4221 3357 4291 (17).
3392 4222 3473 4273 Au

1894 4320 2182 4372 veritatem
2216 4333 2321 4372 non
2360 4317 2591 4386 loquor?
2622 4316 2737 4371 Non
2766 4317 2847 4371 bis
2884 4317 3034 4386 plena
3062 4328 3146 4370 est
3178 4315 3336 4369 malis
3361 4312 3473 4384 (18)

1897 4408 2091 4461 civitas
2149 4408 2375 4461 nostra?
2415 4407 2606 4461 Nonne
2653 4406 2767 4461 lucc
2798 4405 3025 4476 singulis
3061 4405 3250 4458 diebus
3289 4403 3450 4457 admo

1898 4514 2021 4554 neo.
2050 4498 2243 4556 Nonne
2274 4500 2517 4555 laboravi
2546 4500 2791 4553 clamans
2820 4508 2876 4552 ct
2915 4497 3214 4552 admonens
3243 4506 3301 4550 ut
3334 4511 3363 4551 a
3387 4494 3476 4564 ju-

1680 4654 1723 4684 τι
1757 4652 1959 4708 Jerem.
1992 4669 2045 4714 ν.
2087 4656 2142 4710 8.
2217 4656 2263 4686 ⁷⁸
2296 4655 2313 4708 1
2350 4652 2482 4725 Reg.
2521 4671 2594 4720 ιι,
2638 4657 2660 4708 1
2694 4669 2846 4724 seqq.

1439 4773 1765 4835 Francisci
1797 4774 2008 4835 Scorsi
2049 4782 2239 4835 notm.

270 4897 387 4965 (12)
444 4894 643 4949 Citium
676 4912 910 4951 wrwnm.
944 4894 1120 4951 Locus
1164 4905 1248 4949 est
1283 4896 1438 4950 Deut.
1472 4911 1590 4964 cap.
1615 4913 1784 4952 xxvnt
1823 4903 1865 4956 ῐ)

202 4969 295 5024 δρᾶ
325 4969 378 5019 in
410 4975 640 5035 utroque
658 4966 953 5035 egemplari
982 4966 1241 5034 scriptum
1262 4981 1277 5016 :
1297 4965 1362 5018 Ἡ
1399 4965 1493 5017 τοῦ
1512 4967 1783 5035 Ἱερεμίου

204 5038 442 5105 κατάρα.
495 5034 646 5099 Apud
697 5033 983 5089 Jercmiam
1020 5033 1147 5105 vero
1183 5036 1320 5088 hanc
1350 5033 1783 5089 tnaledictionem

206 5125 314 5162 non
352 5104 527 5174 lego:
561 5120 729 5172 quare
779 5114 1020 5159 erratum
1077 5104 1179 5159 hoc
1224 5106 1341 5159 loco
1400 5105 1483 5160 vel
1526 5106 1785 5160 memoria

206 5179 465 5237 dicentis,
493 5174 572 5231 vel
593 5174 879 5229 scribentis
918 5175 1149 5229 incuria.

276 5246 391 5313 (15)
459 5245 712 5297 Absurdis
743 5243 1159 5315 cupiditatibus.
1185 5245 1432 5308 Ἀτόποις
1461 5245 1784 5315 ἐπιθυμίαις

202 5316 719 5383 δουλαγωγούμενοι
749 5331 811 5367 ex
840 5315 979 5369 Gali.
1012 5314 1274 5383 supplevi.

274 5388 388 5455 (14)
452 5385 589 5453 Equi
622 5384 854 5455 furentes
878 5385 932 5437 in
970 5385 1211 5454 feminas.
1248 5384 1378 5455 Vide
1412 5387 1476 5438 ad
1512 5385 1657 5455 hom.
1694 5387 1781 5449 15,

202 5454 319 5512 not.
354 5460 409 5519 8,
454 5456 546 5508 ubi
602 5457 776 5506 Ioenm
804 5454 1050 5509 .leremia:
1073 5469 1232 5522 quem
1270 5454 1446 5509 innuit
1478 5458 1566 5510 hic
1596 5454 1780 5511 Theo-

201 5526 865 5598 phaneshillnstravirnns.

272 5599 388 5667 (ιδ)
422 5594 488 5667 ει
535 5598 669 5647 sicut
699 5596 889 5648 cameli
921 5611 1170 5667 memores
1210 5594 1549 5657 iniuriarum.
1588 5597 1662 5651 De
1684 5598 1783 5650 hac

201 5664 561 5722 sin‘nlltndine
608 5667 716 5731 agit
773 5668 884 5734 ipse
923 5664 1286 5731 Theophanes
1320 5682 1480 5731 supra
1514 5668 1657 5721 hom.
1691 5668 1781 5731 45,

202 5751 259 5791 ut
320 5740 425 5791 hoc
474 5737 637 5787 etiam
672 5738 740 5789 sit
779 5736 1037 5790 indicium
1071 5734 1211 5789 inter
1272 5743 1467 5789 cwtera
1495 5753 1614 5805 quze
1640 5746 1784 5790 attu-

204 5809 369 5862 limus
401 5817 516 5859 not.
545 5806 593 5869 1,
620 5809 687 5862 ab
717 5807 905 5863 eodem
940 5814 1185 5871 auctore,
1213 5815 1264 5862 et
1288 5806 1475 5862 eodem
1508 5808 1625 5863 loco
1645 5810 1783 5863 hanc

209 5879 395 5935 bomil.
423 5877 649 5932 dictam.

1965 4898 2079 4965 (l6)
2127 4901 2328 4951 Eorum
2375 4900 2657 4953 memorias
2721 4916 2821 4953 non
2875 4899 3176 4952 recolentes.
3230 4900 3306 4955 Ex
3333 4900 3473 4957 Gall.

1898 4968 2010 5021 haec
2062 4970 2274 5039 reposui
2306 4970 2465 5021 verba
2517 4969 2699 5021 αὐτῶν
2736 4971 2808 5038 μὴ
2849 4968 3154 5039 σεϐόμενοι,
3191 4969 3242 5023 in
3275 4972 3474 5039 quibus

1896 5037 2473 5104 emendaviperperam
2500 5037 2760 5105 scriptum
2786 5037 3097 5106 σεϐόμενοι,
3128 5040 3223 5091 sed
3255 5037 3306 5091 iri
3335 5040 3471 5095 Pan.

1896 5108 2117 5175 μνήμας
2179 5116 2382 5161 tantum
2444 5118 2563 5163 erat
2611 5109 2899 5164 deﬁciente
2943 5122 3129 5174 sensu,
3187 5109 3469 5165 verborum

1885 5177 2227 5241 sequentium
2267 5176 2505 5231 defectu.

1958 5246 2068 5317 (l7)
2102 5246 2169 5317 Et
2192 5247 2396 5317 iudices
2421 5259 2541 5300 sunt
2572 5248 2952 5317 implacabiles.
2976 5247 3031 5302 lu
3067 5248 3125 5304 P.
3149 5249 3304 5304 deest
3356 5252 3471 5307 haec

1883 5316 2173 5370 sententia.
2204 5316 2308 5369 Sed
2353 5317 2403 5370 id
2426 5317 2564 5373 Gall.
2599 5320 2861 5385 scriptum
2879 5332 2962 5373 est
2991 5323 3089 5374 hoc
3132 5321 3333 5377 modo:
3359 5323 3471 5376 Καὶ

1882 5386 2146 5453 δικαστής
2187 5389 2330 5439 ἐστιν
2382 5390 2777 5458 ἀπαραίτητος,
2812 5394 3098 5455 quodcum
3147 5393 3466 5444 mendosum

1882 5471 2002 5509 esse
2056 5470 2330 5531 censerem
2360 5459 2600 5531 correxi_
2632 5461 2722 5531 καὶ
2766 5458 3018 5511 δικασταί
3054 5461 3199 5512 εἰσιν
3223 5461 3467 5531 ἀπαραί-

1882 5541 2057 5595 τητοι.
2111 5524 2243 5577 Νςιιιι
2292 5528 2796 5593 profectoultimum
2836 5531 3055 5582 verbum
3116 5524 3469 5598 ἀπαρέτητος

1882 5608 2069 5668 aperte
2102 5598 2353 5649 mendum
2377 5600 2635 5662 continet,
2669 5615 2787 5653 cum
2806 5614 2831 5649 ε
2858 5615 2954 5667 pro
2977 5618 3032 5652 αι
3059 5600 3131 5653 sit
3160 5601 3462 5668 scriptum;

1884 5667 2077 5736 deinde
2103 5682 2359 5736 numerus
2389 5668 2679 5736 singularis
2729 5670 2818 5736 qui
2853 5671 3107 5723 ceuvenit
3145 5683 3250 5723 nOn
3277 5667 3463 5724 ’videu.

1886 5806 1917 5859 Γ
1957 5734 2068 5806 (18)
2109 5732 2298 5791 Nonne
2330 5738 2409 5791 liis
2451 5732 2631 5794 malis.
2680 5732 2811 5794 Vide
2861 5750 2972 5793 not.
3027 5741 3051 5793 1
3098 5739 3258 5810 hujus
3291 5739 3467 5796 homi-

1905 5823 1987 5859 nr.

1905 5823 1987 5861 l-l‘.
