4168 6456
740 386 880 447 1375

1935 393 2352 455 THEOPHAN
2363 397 2433 456 IS
2472 398 2666 457 CE'RA
2678 401 2727 458 Μ
2744 400 2815 457 EI

3862 401 3994 463 1076

744 508 1002 554 ranwntts
1031 501 1407 565 alistincretis;
1448 517 1551 555 non
1590 504 1813 573 prmdixi
1856 504 2130 569 futurum,
2171 516 2229 559 ut
2262 506 2313 560 iu

2427 508 2625 580 Κύριος
2650 511 2791 578 ὁρῶν
2823 509 2966 563 οῦτω
2989 509 3502 581 καταφρονούμενον
3537 510 3596 564 τὸ
3626 513 3784 580 ἅγιον
3817 513 3995 581 Εὐαγ-

744 608 841 645 nos
874 594 1331 647 animadverteret
1370 594 1649 659 Dominus,
1685 612 1806 649 cum
1835 599 2043 652 videret
2069 608 2315 652 eontem-

747 684 859 749 ptui
895 684 1085 738 haberi
1140 700 1357 739 sacrum
1394 686 1741 755 Evangelium
1774 690 1909 758 (l9),
1940 700 1993 743 et
2029 693 2315 758 rapacibus

743 776 991 829 manibus
1027 777 1145 829 sine
1169 777 1271 830 ulla
1294 780 1619 844 reverentia,
1637 796 1700 834 ac
1730 790 1929 834 temere
1950 782 2315 835 contrectari?

744 866 941 933 Recipe
977 868 1144 937 igitur
1176 868 1384 923 fructus
1419 870 1563 926 illius
1595 875 1735 941 agri,
1765 887 1922 938 quem
1949 874 2033 927 his
2058 873 2314 939 perjnriis

740 960 1054 1025 possedisti,
1086 963 1175 1029 qui
1207 978 1303 1014 nec
1328 962 1471 1030 jacta
1500 966 1715 1033 quidem
1753 967 1959 1018 semina
1994 966 2109 1033 (20)
2144 966 2315 1019 reddit

742 1050 859 1105 tibi.
901 1052 1004 1105 Sed
1039 1068 1211 1119 neque
1238 1055 1568 1110 vindemiam
1607 1058 1698 1109 tibi
1726 1058 1914 1111 alierct
1945 1059 2120 1120 vinea,
2147 1073 2311 1124 quam

740 1159 833 1207 per
859 1146 1144 1195 avaritiam
1199 1149 1497 1216 occupasti.
1549 1148 1677 1214 Qua:
1723 1150 1866 1202 enim
1900 1165 1995 1218 per
2030 1149 2310 1202 Michaaam

738 1234 862 1285 olim
893 1233 1096 1289 Indicis
1125 1237 1510 1291 interminatus
1547 1248 1631 1291 est
1678 1239 1817 1293 Deus
1844 1280 1859 1303 ,
1893 1241 2009 1293 haec
2058 1242 2106 1291 in
2160 1242 2314 1293 nnh‘s

741 1325 961 1392 impleta
998 1338 1121 1379 sunt
1168 1344 1181 1379 :
1248 1346 1268 1377 ε
1302 1328 1377 1381 Tu
1409 1329 1741 1392 seutinabis,
1780 1340 1833 1382 ct
1866 1345 1973 1382 non
2011 1340 2215 1390 metes;
2260 1342 2311 1382 tu

740 1431 958 1481 premes
992 1417 1190 1470 olivam
1221 1457 1236 1481 ,
1273 1428 1327 1470 et
1368 1435 1472 1472 non
1512 1422 1731 1489 ungeris
1760 1420 1879 1473 oleo
1906 1459 1920 1482 ,
1954 1429 2008 1472 et
2034 1420 2198 1490 426
2236 1422 2313 1473 vi-

738 1522 865 1558 num
899 1523 1001 1560 nou
1034 1509 1185 1562 bibes
1216 1510 1281 1563 ⁷⁸.
1314 1530 1333 1561 ι

810 1612 951 1678 Quid
1014 1615 1214 1680 igitur?
1262 1618 1484 1684 inquit,
1528 1618 1723 1684 aliquis
1772 1629 2068 1682 certe,non
2124 1635 2312 1674 onmes

740 1707 971 1776 perjuri.
1024 1708 1138 1772 Qua
1174 1709 1383 1762 ratione
1413 1724 1535 1763 cum
1581 1720 1803 1777 peccata
1858 1727 2149 1779 paucorum
2179 1712 2309 1775 sint,

738 1800 991 1851 omnibus
1024 1800 1382 1853 communiter
1413 1801 1506 1854 ira:
1530 1802 1729 1855 divina:
1766 1803 2095 1854 absinthium
2131 1804 2313 1871 propi-

741 1889 948 1941 natur?
984 1905 1199 1958 :rquum
1231 1892 1374 1945 enim
1426 1908 1545 1946 esse
1597 1893 1879 1945 videbatur
1925 1903 1983 1946 ut
2025 1895 2159 1946 solis
2215 1896 2316 1947 im-

742 1980 927 2045 probis
956 1996 1114 2048 pmna
1150 1982 1502 2051 inﬂigeretur.
1544 1984 1738 2039 Verum
1774 1986 1847 2038 uti
1879 1986 1930 2037 in
1960 2002 2066 2040 uno
2090 2001 2318 2054 corpore

743 2072 1000 2126 usuvcnit
1034 2083 1090 2125 ut
1120 2075 1163 2127 si
1201 2074 1251 2126 in
1277 2075 1456 2143 aliqua
1492 2077 1608 2145 ejus
1640 2078 1859 2130 minima
1895 2087 2046 2147 parte
2077 2079 2319 2132 humoris

742 2162 1014 2218 aﬂlueutia
1069 2166 1340 2230 exsistat,
1376 2177 1545 2222 totum
1600 2177 1781 2223 tamen
1816 2172 2031 2240 purgari
2096 2186 2317 2225 necesse

740 2256 835 2318 sit,
867 2255 947 2308 sic
983 2266 1037 2307 et
1088 2257 1141 2309 in
1179 2258 1372 2319 nobis;
1424 2260 1859 2327 quandoquidem
1910 2276 2103 2329 corpus
2149 2277 2313 2314 unum

740 2360 929 2398 sumus
960 2361 1195 2409 omnes,
1251 2356 1304 2401 et
1359 2348 1597 2401 membra
1650 2349 1883 2415 Christi,
1933 2352 2071 2403 male
2125 2352 2313 2405 alfecta

747 2453 853 2489 una
892 2448 1046 2503 parte
1079 2454 1270 2494 omnes
1319 2442 1611 2510 participes
1646 2444 1851 2498 doloris
1898 2444 2177 2498 elﬁciinur.
2229 2446 2319 2499 Sic

750 2531 915 2583 etiam
953 2530 1082 2583 olim
1121 2543 1382 2597 peccante
1422 2534 1595 2587 solum
1628 2535 1736 2588 lilio
1767 2537 1946 2589 Saulis
1976 2537 2111 2607 (Ἡ),
2141 2538 2319 2592 omnis

743 2623 1021 2678 exercitus
1053 2640 1269 2692 pmnam
1305 2628 1540 2693 suscepit
1577 2627 1644 2692 ⁷⁸,
1678 2638 1729 2681 et
1762 2628 1962 2683 Davide
1993 2640 2188 2698 praeter
2218 2631 2321 2682 Do-

743 2716 875 2769 mini
912 2717 1169 2785 placitum
1204 2717 1457 2783 populum
1495 2730 1814 2773 recensente
1837 2759 1851 2783 ,
1884 2735 2174 2775 commune
2203 2723 2321 2774 exi-

744 2808 878 2859 tinm
929 2808 1133 2858 illatum
1186 2808 1365 2861 est".
1401 2809 1491 2862 Sic
1522 2811 1683 2863 etiam
1730 2821 2078 2865 externorum
2128 2812 2322 2864 litteris

743 2898 1015 2967 proditum
1049 2911 1190 2964 smpe
1247 2900 1554 2953 universam
1588 2902 1861 2955 civitatem
1913 2919 2128 2970 pmnam
2161 2904 2321 2957 unius

746 2994 981 3062 improbi
1016 2995 1367 3050 sustinuisse.
1436 2997 1643 3052 ldcircn
1670 2999 1812 3051 calix
1846 3000 1936 3053 ira:
1965 2999 2177 3052 Domini
2213 3014 2325 3052 tne-

755 3102 882 3139 raco
913 3087 1066 3141 nobis
1096 3086 1334 3142 infusum
1367 3100 1449 3144 est
1477 3109 1489 3142 :
1539 3109 1555 3140 ι
1594 3090 1743 3145 Calix
1772 3132 1787 3154 ,
1821 3093 1967 3145 enim
1992 3130 2007 3155 ,
2042 3094 2233 3161 inquit,
2268 3091 2320 3145 in

2417 602 2618 671 γέλιον,
2646 605 2741 653 καί
2774 605 2893 665 ταῖς
2936 602 3351 666 πλεονεκτικαῖς
3381 606 3572 673 χερσὶν
3605 605 3843 667 ἀναιδῶς
3905 609 3996 659 καὶ

2416 696 2799 757 ἀνυποστόλως
2854 696 3269 765 κρατούμενον;
3348 697 3562 765 Κόμιζε
3620 698 3807 749 τοίνυν
3875 702 3995 760 τοὺς

2419 790 2667 857 καρποὺς
2707 786 2801 839 τοῦ
2852 788 3029 857 ἀγροῦ
3076 787 3171 840 τοῦ
3220 788 3281 852 ἐξ
3342 789 3631 858 ἐπιορκίας
3702 789 3996 855 κτηθέντος

2420 898 2526 948 σοι,
2562 883 2621 945 ὃς
2659 881 2781 934 οὐδὲ
2812 881 3226 951 καταϐληθέντα
3253 882 3485 952 παρέξει
3516 882 3831 951 σπέρματα.
3862 883 3996 933 Ἀλλ’

2418 974 2539 1025 οὐδὲ
2594 972 2684 1025 τὸν
2736 972 3035 1041 ἀμπελῶνα
3089 974 3408 1043 τρυγήσεις,
3468 973 3529 1024 ὃν
3596 973 3998 1039 πλεονεκτήσας

2417 1070 2773 1134 ἀφήρπασας.
2808 1068 2873 1118 ’Λ
2916 1068 3025 1133 γὰρ
3065 1070 3179 1128 τοῖς
3222 1067 3505 1130 Ἰουδαίοις
3551 1068 3717 1119 πάλαι
3758 1068 3848 1119 διὰ
3897 1069 3997 1119 Μι-

2420 1163 2578 1232 χαίου
2620 1162 2921 1230 ἠπείλησεν
2955 1163 2981 1214 ὁ
3022 1162 3176 1225 Θεὸς,
3206 1161 3377 1215 ταῦτα
3412 1162 3509 1214 νῦν
3547 1163 3912 1231 πεπλήρωται
3945 1164 3996 1210 ἐν

2417 1257 2589 1324 ἡμῖν’
2629 1272 2645 1302 ι
2689 1254 2759 1303 Σὺ
2811 1253 3076 1322 σπείρεις,
3121 1252 3214 1303 καὶ
3260 1252 3322 1303 οὐ
3356 1252 3429 1319 μὴ
3485 1254 3744 1321 ἀμήσεις,
3787 1254 3850 1303 σὺ
3891 1254 4002 1303 πιέ-

2420 1365 2533 1409 σεις
2566 1346 2772 1409 ἐλαίαν,
2813 1347 2905 1398 καὶ
2932 1346 2992 1397 οῦ
3030 1344 3106 1416 μὴ
3145 1344 3344 1415 ἀλείψῃ
3393 1344 3594 1409 ἔλαιον,
3632 1346 3725 1397 καὶ
3771 1342 3917 1397 οἶνον
3943 1346 3999 1396 ο)

2423 1439 2498 1508 μὴ
2526 1439 2676 1509 πίῃς.
2720 1458 2736 1488 ι

2488 1617 2552 1670 Τί
2582 1612 2709 1678 οὗν;
2755 1616 2897 1668 εἴποι
2922 1634 3005 1677 τις
3040 1616 3189 1675 ἴσως,
3213 1613 3309 1664 καί
3342 1613 3450 1683 μὴν
3488 1613 3548 1665 οὐ
3572 1614 3774 1676 πάντες
3814 1614 4001 1666 πλεον-

2418 1712 2613 1773 έκται,
2668 1708 2789 1761 οὐδὲ
2843 1709 3040 1769 πάντες
3111 1710 3381 1778 ἐπίορκοι.
3447 1710 3569 1772 Πῶς
3629 1705 3763 1769 οὖν,
3800 1711 3996 1776 ὀλίγων

2420 1801 2871 1870 ἁμαρτανόντων,
2912 1802 3067 1869 κοινῇ
3124 1802 3257 1852 πᾶσι
3301 1802 3634 1870 κεκέρασται
3690 1802 3789 1867 τῆς
3833 1804 4000 1870 ὀργῆς

2421 1894 2515 1945 τοῦ
2547 1891 2684 1945 Θεοῦ
2714 1892 2776 1943 τὸ
2814 1892 3065 1960 ἀψίνθιον
3092 1911 3105 1955 ;
3156 1893 3355 1961 Ἐχρῆν
3388 1894 3496 1960 γὰρ
3542 1894 3731 1961 μόνοις
3764 1896 3877 1955 τοῖς
3910 1912 4003 1945 κα-

2421 1989 2537 2047 κοῖς
2566 1984 2925 2053 ἐπενεχθῆναι
2957 1986 3056 2052 τὴν
3089 1985 3333 2038 κόλασιν.
3373 1986 3513 2039 Ἀλλ’
3546 1986 3739 2055 ὥσπερ
3771 1987 3861 2052 ὑψ*
3890 1986 4003 2047 ἐνὸς

2424 2078 2697 2146 σώματος.
2730 2077 2887 2147 εἰπερ
2916 2080 2972 2129 ἐν
3000 2078 3079 2129 ἑνὶ
3110 2078 3285 2146 μορίῳ
3323 2077 3594 2146 ῥεύματος
3642 2079 4004 2147 ἐπείσφρησις

2420 2170 2661 2239 γίνηται,
2708 2170 2771 2220 τὸ
2817 2170 2924 2221 πᾶν
2958 2167 3117 2237 σῶμα
3157 2168 3333 2220 δεῖται
3362 2170 3709 2238 καθάρσεως,
3742 2168 3887 2219 οῦτω
3914 2170 4005 2219 καὶ

2422 2262 2505 2330 ἐφ’
2537 2264 2671 2330 ἡμῖν
2698 2278 2711 2291 ·
2747 2260 2937 2330 ἐπειδὴ
2965 2261 3022 2313 ἓν
3050 2261 3208 2331 σῶμά
3257 2262 3448 2329 ἐσμεν,
3485 2262 3579 2312 καὶ
3614 2260 3750 2330 μέλη
3804 2261 4005 2321 πάντες

2423 2354 2683 2425 Χριστοῦ,
2712 2353 2831 2416 ἑνὸς
2868 2354 3067 2423 μέρους
3095 2356 3471 2419 νενοσηκότος,
3494 2354 3743 2404 κοικωνοὶ
3770 2351 3874 2419 τῆς
3898 2352 3997 2401 ἀλ-

2420 2448 2641 2517 γηδόνος
2691 2447 2891 2508 πάντες
2931 2446 3217 2515 γινόμεθα.
3263 2444 3420 2497 Οῦτω
3475 2445 3608 2495 ποτὲ
3666 2443 3762 2494 τοῦ
3817 2440 4006 2503 παιδὸς

2424 2542 2594 2593 Σαοὺλ
2652 2540 3097 2609 ἁμαρτήσαντος,
3154 2538 3305 2590 ἀπαν
3345 2537 3407 2589 τὸ
3458 2535 3822 2605 στρατόπεδον
3876 2539 4008 2603 ἐμα-

2424 2634 2653 2696 στίζετο.
2688 2634 2795 2685 Καὶ
2822 2631 2917 2683 τοῦ
2953 2630 3121 2683 Δαῦὶδ
3153 2629 3306 2698 παρὰ
3336 2633 3397 2680 τὸ
3436 2628 3628 2679 δοκοῦν
3656 2628 3734 2695 τῷ
3770 2629 3891 2695 Θεῷ
3920 2627 4008 2679 τὸν

2422 2728 2551 2779 λαὸν
2607 2724 3041 2796 ἀριθμήσαντος,
3100 2723 3279 2782 κοινὸς
3324 2721 3546 2791 ὄλεθρος
3609 2721 4006 2787 ἐπεισέφρησε.

2422 2820 2592 2872 Τοῦτο
2632 2817 2687 2869 δὲ
2720 2817 2814 2869 καὶ
2835 2819 2867 2884 ἡ
2894 2815 3095 2881 ἔξωθεν
3126 2814 3347 2866 παιδεία
3387 2816 3555 2882 φησίν
3579 2829 3590 2840 ·
3622 2814 3705 2863 ὅτι
3746 2811 4009 2871 πολλάκις

2423 2914 2514 2963 καὶ
2548 2910 2814 2977 σύμπασα
2857 2908 3013 2969 πόλις
3044 2907 3163 2967 ἑνὸς
3202 2906 3394 2973 ἀνδρὸς
3442 2904 3645 2963 κακίας
3691 2904 4007 2970 ἀπήλαυσε.

2425 3004 2521 3055 Διὰ
2553 3004 2713 3055 τοῦτο
2751 3003 2849 3069 τῆς
2880 3000 3049 3067 ὀργῆς
3081 2998 3174 3049 τοῦ
3211 2997 3346 3048 Θεοῦ
3371 2998 3431 3047 τὸ
3466 2998 3731 3065 ποτήριον
3773 2995 4013 3061 κεκέρα-

2426 3112 2572 3149 σται.
2602 3096 2736 3163 ἡμῖν
2792 3092 3032 3160 ἄκρατον
3068 3105 3080 3117 ’
3142 3108 3161 3140 ι
3209 3090 3479 3159 Ποτήριον
3529 3090 3657 3156 γὰρ,
3715 3087 3907 3155 φησὶν,
3954 3088 4012 3137 ὲν

751 3194 912 3231 manu
966 3178 1177 3233 Domini
1220 3182 1353 3236 meri
1408 3181 1598 3248 plenus
1652 3184 1905 3237 misto".
1958 3203 1977 3234 ι
2035 3182 2197 3238 Vides
2245 3185 2321 3239 uti

2428 3188 2572 3257 χειρὶ
2623 3184 2828 3253 Κυρίου
2892 3183 3101 3252 πλῆρες
3154 3182 3499 3249 κεράσματος
3550 3181 3695 3231 οἴνου
3740 3179 4012 3246 ἀκράτου.

756 3270 944 3324 ralicis
981 3270 1145 3339 hujus
1201 3273 1342 3325 ratio
1393 3272 1541 3325 varia
1589 3274 1698 3327 sit?
1750 3274 1806 3328 Si
1839 3275 1980 3329 enim
2032 3276 2210 3327 vinum
2240 3284 2325 3327 est

751 3374 959 3412 merum
988 3400 1002 3425 ,
1037 3360 1310 3427 quomodo
1365 3361 1567 3428 plenus.
1608 3363 1809 3417 misto?
1841 3364 1982 3431 quod
2029 3364 2172 3415 enim
2221 3363 2321 3414 Ini-

751 3461 923 3514 stum,
954 3451 1138 3517 utique
1169 3466 1377 3505 merum
1410 3468 1519 3506 non
1551 3465 1674 3520 cst;
1710 3454 1797 3508 hic
1827 3462 2009 3508 autem
2038 3464 2324 3516 utrumque

748 3546 948 3599 dicitur
974 3564 987 3599 :
1018 3556 1071 3600 et
1102 3548 1283 3600 vinum
1318 3557 1401 3601 est
1447 3563 1656 3603 merum
1684 3588 1699 3611 ,
1728 3554 1927 3617 'utpote
1983 3547 2326 3600 miseratione

753 3652 862 3689 non
917 3646 1277 3705 temperatum
1340 3649 1563 3707 propter
1596 3638 1761 3693 divini
1811 3637 2002 3705 judicii
2057 3637 2323 3705 justitiam

759 3728 1023 3781 adversus
1055 3744 1149 3782 eos
1177 3729 1269 3798 qui
1302 3738 1569 3797 peccant,
1616 3740 1669 3783 et
1718 3738 1939 3799 peccata
1992 3744 2099 3783 non
2130 3743 2327 3782 emen-

756 3824 919 3879 ilanl;
957 3824 1172 3877 luistum
1232 3838 1359 3878 vero
1399 3835 1456 3877 ut
1483 3840 1545 3877 ex
1597 3826 1827 3879 diversis
1873 3826 2045 3892 poenis
2071 3864 2084 3887 ,
2134 3826 2329 3894 quibus

754 3912 1018 3967 Dumiuus
1058 3913 1250 3968 solitus
1291 3924 1376 3968 est
1407 3916 1459 3968 in
1496 3929 1589 3970 eos
1636 3916 2069 3968 animadvertere
2093 3957 2106 3979 ,
2140 3917 2227 3983 qui
2276 3918 2327 3968 in

757 4004 916 4058 malis
943 4006 1247 4072 chperatis
1278 4018 1584 4061 versantur.
1619 4006 1750 4060 Nam
1785 4009 1963 4069 sicuti,
1996 4009 2084 4077 qui
2114 4010 2330 4061 morbos

756 4111 1048 4164 cnrpormu
1073 4111 1268 4151 curare
1298 4097 1467 4152 solent
1500 4136 1516 4161 ,
1545 4109 1600 4153 et
1629 4100 2020 4168 experientiam
2049 4138 2062 4160 ,
2100 4098 2328 4151 faculta-

762 4196 977 4254 temque
1013 4185 1263 4240 medendi
1300 4188 1466 4241 multa
1495 4187 1598 4241 sibi
1631 4188 2020 4243 exercitatione
2047 4198 2328 4257 pararunt,

758 4292 821 4329 ea
883 4278 1143 4341 vulnera,
1198 4294 1316 4346 quae
1367 4294 1585 4333 sensum
1636 4284 1807 4349 magis
1862 4279 2328 4345 ﬁobstupefaciunt,

763 4370 989 4421 ferventi
1042 4384 1206 4435 aqua,
1238 4381 1292 4423 et
1323 4371 1539 4424 acribus
1572 4372 1978 4426 medicamentis
2005 4378 2327 4439 expurgant,

761 4471 815 4514 ct
840 4466 1249 4530 suppurationis
1278 4464 1330 4516 in
1366 4465 1497 4532 ipsis
1518 4466 1828 4519 exsistentis
1861 4468 2159 4521 crassitiem
2197 4480 2333 4535 pne.

757 4554 911 4604 sidiis
946 4554 1013 4605 ab
1044 4567 1155 4607 arte
1184 4555 1364 4623 petitis
1388 4565 1720 4610 extenuant:
1757 4559 1835 4611 sic
1861 4558 1955 4626 qui
1978 4560 2159 4613 omnia
2186 4558 2335 4611 novit

762 4643 905 4695 Deus
941 4657 1033 4695 cos
1069 4645 1161 4712 qui
1196 4646 1455 4713 supplicia
1505 4646 1703 4700 leviora
1734 4663 1842 4701 non
1893 4651 2152 4712 sentiunt,
2187 4662 2338 4703 acer-

769 4734 1011 4787 bioribus
1052 4746 1247 4790 onerat
1287 4738 1496 4805 plagis,
1551 4754 1778 4807 quarum
1829 4741 2002 4796 satius
2033 4752 2151 4796 erat
2182 4750 2335 4798 ante-

772 4841 936 4892 quam
983 4828 1341 4894 iuvaderent,
1377 4831 1632 4899 impetum
1674 4832 1933 4887 devitarc.
1988 4832 2127 4899 Quid
2175 4833 2338 4901 igitur

765 4921 831 4976 ad
874 4922 989 4976 haec
1026 4936 1146 4991 qua:
1200 4920 1311 4989 jam
1348 4924 1614 4977 advenere
1646 4925 1921 4979 dicemus?
1956 4924 2163 4979 Justum
2202 4941 2334 4981 sane

760 5010 1030 5078 judicium
1058 5010 1157 5066 Dei
1185 5030 1199 5067 :
1236 5026 1300 5066 ac
1330 5014 1507 5081 potius
1539 5013 1765 5066 multum
1804 5028 1898 5081 pro
1924 5013 2069 5082 justa
2097 5029 2189 5067 sua
2220 5015 2330 5067 ira—

767 5103 965 5157 cundia
1000 5103 1428 5173 benignissimus
1456 5106 1716 5160 Dominus
1746 5107 1999 5159 diminuit
2038 5121 2245 5175 pinum,
2278 5122 2341 5163 ac

768 5206 976 5249 tantum
1013 5195 1296 5263 irregavit,
1324 5207 1583 5266 quantum
1626 5198 1758 5252 satis
1785 5207 1931 5253 esset
1958 5198 2026 5252 ad
2061 5200 2341 5254 seutienda

772 5298 996 5359 peccata
1035 5300 1219 5346 nostra
1246 5330 1262 5356 ,
1308 5306 1414 5346 non
1450 5300 1713 5361 quantum
1759 5306 1879 5347 eam
1906 5295 2139 5363 experiri
2170 5308 2346 5349 mere-

842 5445 892 5479 "
923 5446 1087 5500 Mieh.
1120 5461 1207 5510 vr,
1242 5446 1329 5501 l5.
1405 5446 1452 5479 "
1482 5445 1504 5501 1
1546 5446 1679 5517 Reg.
1709 5464 1861 5516 xxiv,
1894 5452 1916 5505 l
1956 5466 2110 5520 seqq-

2188 5449 2233 5481 "
2266 5448 2310 5502 ll
2344 5450 2474 5519 Reg.
2516 5463 2663 5515 xxiv,
2698 5448 2720 5500 l
2761 5461 2911 5516 seqq.

2444 3280 2607 3348 Ὁρᾷς
2645 3279 2760 3335 πῶς
2793 3278 2825 3344 ἠ
2872 3275 2967 3327 τοῦ
3008 3274 3275 3341 ποτηρίου
3321 3272 3513 3325 τούτου
3542 3272 3703 3338 φύσις
3734 3270 4015 3339 παρήλλα-

2429 3387 2587 3434 κται;
2626 3370 2687 3421 Εί
2719 3369 2828 3438 γὰρ
2867 3366 3108 3437 ἄκρατόν
3151 3368 3291 3427 ἐστι,
3326 3364 3444 3425 πῶς
3475 3364 3684 3432 πλῆρες
3732 3364 4015 3429 κερὰσμαο

2427 3480 2556 3525 τος;
2589 3462 2662 3515 Τὸ
2691 3463 2799 3530 γὰρ
2840 3458 3249 3528 κεκερασμένην
3278 3458 3376 3509 οὐκ
3411 3458 3675 3526 ἄκρατον.
3733 3452 4012 3503 Ἐνταῦθα

2427 3561 2481 3611 δὲ
2522 3558 2809 3627 ἀμφότερα
2848 3556 3092 3622 λέγεται.
3124 3554 3232 3606 Καὶ
3259 3553 3499 3619 ἄκρατον
3540 3550 3638 3617 μὲν
3661 3549 3737 3607 ὠς
3760 3548 4013 3613 ἀμμιγὲς

2430 3652 2592 3704 θείων
2660 3649 2966 3717 οἰκτιρμῶν
3015 3649 3127 3708 τοῖς
3173 3645 3480 3713 ἀδιόρθωτα
3530 3643 3784 3692 πταίοισι
3827 3641 3915 3690 διὰ
3960 3638 4020 3687 τὸ

2426 3746 2527 3811 τῆς
2556 3742 2787 3810 κρίσεως
2838 3739 3079 3791 δίκαιον·
3120 3734 3531 3805 κεκερασμένον
3560 3734 3637 3793 δὲ,
3679 3732 3754 3792 ὡς
3801 3732 3867 3782 ὲκ
3899 3730 4021 3782 δια-

2432 3836 2613 3903 φόρων
2656 3832 2957 3900 μαστίγων,
2992 3824 3080 3890 αἷς
3133 3825 3239 3880 οἶδε
3274 3828 3523 3888 κολάζειν
3565 3824 3695 3883 Θεὸς
3745 3824 3871 3882 τοὺς
3912 3823 4024 3872 ἀττ-

2430 3925 2808 3993 εγνωσμένονς
2843 3922 3167 3990 γενομένους
3199 3922 3254 3972 ἐν
3279 3921 3488 3979 κακοῖς,
3528 3918 3736 3982 ’Ὁνπερ
3758 3916 3866 3983 γὰρ
3891 3913 4019 3979 τρόο

2434 4034 2536 4068 πον
2569 4017 2616 4066 οἱ
2646 4014 2742 4075 τὰς
2776 4014 3045 4081 σωμάτων
3083 4011 3491 4070 ἀνακόπτοντες
3525 4008 3735 4070 νόσους,
3786 4006 3884 4057 κει)⁵
3924 4004 4019 4054 τοῦ

2432 4106 2697 4160 δύνασθαι
2753 4104 3080 4173 θεραπεύειν
3136 4102 3234 4170 τὴν
3274 4103 3474 4169 πεῖραν
3522 4100 3905 4168 ὲξησκηκότες
3952 4098 4020 4147 τα

2432 4200 2540 4252 τῶν
2570 4196 2901 4266 τραυμάτων
2933 4192 3400 4261 δυσαισθητότερα
3444 4190 3670 4261 θερμοῖς
3718 4190 3879 4240 ῦδασι
3928 4193 4020 4239 καὶ

2440 4290 2659 4359 δριμέσι
2708 4286 3018 4355 φαρμάκοις
3065 4284 3522 4351 ἁποκαθαίρουσι,
3589 4284 3682 4334 καὶ
3730 4279 3833 4347 τῆς
3870 4280 4022 4330 ἐνοῦ-

2438 4398 2535 4448 σης
2568 4380 2748 4439 αὐτοῖς
2782 4377 3127 4445 ἀκαθαρσίας
3146 4376 3207 4427 τὸ
3231 4376 3408 4443 πάχος
3438 4370 3880 4427 ἀπολεπτῦνουσι
3911 4373 4019 4429 τοῖς

2435 4475 2499 4525 ὲκ
2521 4472 2621 4535 τῆς
2651 4471 2848 4538 τέχνης
2877 4470 3349 4536 ὲπικουρήμασιν·
3379 4464 3523 4517 οὕτω
3560 4464 3653 4516 καὶ
3684 4466 3711 4514 ὁ
3743 4464 3813 4515 τὰ
3843 4464 4021 4513 πάντα

2436 4562 2722 4628 γινώσκων
2777 4559 2906 4620 Θεὸς
2951 4559 3075 4619 τοὺς
3128 4557 3455 4624 ἀναλγήτως
3514 4555 3741 4623 ἔχοντας
3789 4556 3885 4605 ἐπὶ
3925 4556 4021 4613 τὰς

2439 4655 2639 4723 μικρὰς
2662 4652 2910 4712 κολάσεις
2950 4650 3356 4719 χαλεπωτέραις
3376 4647 3720 4717 ὲπιφορτίζει
3749 4643 4018 4715 πληγαῖς,

2436 4740 2511 4798 ὧν
2543 4744 2750 4813 βέλτιον
2788 4742 2853 4795 ἀν
2889 4742 2973 4812 εἴη
3004 4740 3392 4811 παραιτεῖσθαι
3430 4739 3536 4807 πρὸ
3562 4742 3660 4807 τῆς
3689 4740 3894 4807 πείρας
3924 4738 4022 4804 τὴν

2439 4838 2648 4906 ἔφοδον.
2674 4836 2737 4887 Τί
2768 4831 2860 4887 οὖν
2884 4836 3131 4902 εἴποιμεν
3158 4833 3297 4900 πρὸς
3322 4832 3387 4883 τὰ
3418 4833 3802 4901 ἐπερχόμενας
3838 4831 4025 4881 δικαία

2442 4934 2475 4999 ὴ
2508 4932 2686 4997 κρίσις
2712 4926 2807 4979 τοῦ
2832 4924 2991 4989 Θεοῦ,
3032 4925 3234 4993 μᾶλλον
3268 4925 3324 4975 δὲ
3356 4924 3498 4976 κατά
3517 4924 3652 4976 πολὺ
3683 4922 3783 4989 τῆς
3808 4922 4025 4981 δικαίας

2443 5023 2613 5091 ὀργῆς
2652 5022 2679 5072 ὁ
2706 5018 3089 5088 φιλάνθρωπος
3123 5018 3403 5083 Δεσπότης
3431 5016 3530 5084 τὴν
3559 5015 3838 5083 τιμωρίαν
3865 5013 4024 5065 ἑκού-

2442 5130 2619 5181 φισεν,
2676 5111 2773 5179 οὐχ
2811 5111 2935 5161 ὅσον
2962 5109 3126 5177 ἐσμὲν
3163 5107 3300 5170 ἄξιοι
3349 5108 3547 5174 πεῖραν
3608 5106 3801 5157 λαϐεῖν
3844 5121 4025 5172 παρα·

2442 5202 2611 5273 σχὼν,
2656 5201 2772 5255 ἀλλ’
2821 5201 2945 5254 ὅσον
3002 5200 3259 5267 αἴσθησιν
3313 5196 3519 5260 λαϐεῖν,
3562 5191 3636 5249 ὧν
3671 5198 4022 5266 ἡμάρτομεν.

2442 5293 2643 5345 Σκόπει
2686 5292 2796 5360 γὰρ
2836 5290 2933 5342 τοῦ
2982 5287 3120 5342 Θεοῦ
3155 5288 3216 5341 τὸ
3264 5287 3655 5358 μακρόθυμον·
3696 5290 4023 5357 ἡμάρτομεν

2986 5446 3034 5477 ⁷⁸
3062 5443 3207 5500 Psal.
3245 5460 3427 5507 Lxxtv,
3457 5442 3513 5497 9.

1994 5579 2311 5640 Franeisci
2344 5577 2549 5641 Scorsi
2584 5582 2772 5637 notae.

841 5700 956 5765 (59)
1014 5701 1233 5753 Sacrum
1263 5699 1625 5767 Evangelium.
1654 5698 1781 5754 Vide
1816 5702 1960 5754 hom.
1984 5702 2068 5763 12,
2108 5702 2333 5756 not.20.

842 5770 951 5836 ('20)
996 5770 1104 5821 Nec
1128 5773 1270 5835 jncla
1312 5772 1515 5837 quidem
1544 5771 1767 5841 semina.
1824 5774 1887 5823 Ὃ
1917 5773 2035 5824 οὐδὲ
2068 5774 2336 5841 καταδλη-

774 5840 935 5892 θέντα
961 5842 1177 5910 πα;.ἐξει
1214 5842 1525 5911 σπέρματα,
1562 5854 1624 5891 ex
1668 5840 1805 5897 Call.
1847 5842 2111 5895 restituta.

2512 5700 2622 5769 (2|)
2652 5697 2906 5754 Peccante
2938 5696 3050 5766 [ilio
3079 5695 3282 5753 Saulis.
3333 5692 3622 5748 llistoriam
3649 5692 3796 5762 leges
3834 5689 3853 5744 l
3890 5690 4020 5763 Reg.

2442 5788 2490 5824 C.
2528 5787 2634 5825 XIV.
