4168 6456
181 403 316 466 ῙΟΠ

174 517 361 583 ἡμεῖς,
399 518 495 569 καὶ
532 517 599 571 τὰ
659 516 878 587 στοχεῖα
918 516 1240 582 κολάζονται
1277 532 1285 542 ·

173 611 506 678 τιμωρεῖται
541 612 574 679 ἡ
623 610 695 679 γῆ
723 629 738 642 ·
785 611 990 680 φαῦλον
1051 611 1164 678 βίον
1211 609 1393 678 ζῶμεν
1433 609 1615 676 ἡμεῖς,
1659 611 1754 660 καὶ

175 702 512 768 μαστίζεται
543 703 610 756 τὰ
651 705 837 774 ἄψυχα
859 721 875 736 ·
913 705 1208 776 ὑϐρίζομεν
1241 704 1331 755 τδν
1382 704 1634 768 Πλάστην
1669 701 1757 752 διὰ

173 794 288 847 τῶν
313 797 558 866 αἰσχρῶν
590 799 745 867 ἡμῶν
776 799 1050 868 πράξεων,
1087 800 1182 852 καὶ
1210 799 1423 867 δέχεται
1446 797 1543 867 τὴν
1566 795 1757 864 ποινὴν

172 884 243 936 τὰ
285 885 454 953 μηδὲν
479 887 876 957 άμσρτήσαντα
902 902 916 916 ⁶
945 887 1134 958 ὥσπερ
1165 887 1230 940 ἂν
1251 888 1302 939 εἴ
1334 904 1416 951 τις
1444 886 1536 939 τοῦ
1570 885 1759 948 παιδὸς

176 977 481 1043 σφαλέντος
523 979 667 1032 κατὰ
713 979 809 1033 τοῦ
846 979 1034 1033 δούλου
1078 980 1300 1048 ἐκφέρει
1354 981 1453 1050 τὴν
1503 980 1756 1048 βάσανον.

174 1067 436 1122 Τοιοῦτον
494 1070 692 1141 ἔχομεν
750 1073 956 1142 ἀγαθὸν
1003 1074 1282 1142 Δεσπότην
1324 1091 1337 1103 ·
1387 1072 1560 1134 οὕτως
1609 1072 1761 1142 ἡμᾶς

173 1161 428 1214 νουθετεί
459 1165 750 1230 ἐπανάγων
788 1167 924 1236 πρὸς
964 1167 1062 1232 τὴν
1097 1166 1402 1235 διόρθωσιν.
1455 1165 1566 1217 Καὶ
1597 1165 1761 1217 τείνει

178 1251 285 1316 μὲν
313 1250 376 1302 τὸ
416 1250 572 1314 τόξον
605 1255 705 1322 τῆς
737 1253 991 1319 ἀπειλῆς,
1040 1251 1227 1322 ἐπέχει
1273 1253 1329 1304 δὲ
1380 1252 1438 1305 τὸ
1469 1251 1622 1322 βέλος
1662 1252 1762 1322 τῆς

174 1341 465 1409 ὀργῆς.οὺ
495 1344 604 1414 γὰρ
636 1343 888 1413 βούλεται
914 1346 1006 1398 τὸν
1031 1344 1267 1415 ψυχικὸν
1304 1345 1465 1414 ἡμῶν
1505 1343 1760 1411 θάνατον,

175 1432 320 1485 ἀλλὰ
352 1434 453 1504 τὴν
499 1436 837 1508 ἐπιστροφὴν
872 1439 1157 1507 ἀναμένει,
1191 1438 1286 1490 καὶ
1314 1437 1415 1506 τὴν
1450 1438 1760 1507 μετάνοιαν.

178 1525 478 1596 Γενὼμεθα
506 1522 621 1592 οὖν,
655 1528 900 1596 ἀδελφοὶ,
927 1530 982 1581 ὲν
1012 1530 1267 1594 αἰσθήσει
1296 1529 1392 1582 τοῦ
1417 1528 1722 1600 πρέποντος
1747 1543 1761 1559 ο

180 1616 548 1687 ξλεωσώμεθα
598 1620 692 1673 τὸν
713 1620 1086 1690 εύσπλαγχνον
1120 1621 1325 1690 Κύριον
1348 1639 1362 1651 ·
1395 1625 1470 1691 μὴ
1521 1622 1764 1691 χείρονες

172 1711 440 1782 ὀφθῶμεν
467 1713 577 1767 τῶν
608 1714 930 1768 Νινευῐτιῖν.
970 1716 1218 1779 Ἐκεῖνοι,
1248 1715 1452 1768 ἐθνικοὶ
1495 1715 1646 1779 ὄντες
1673 1717 1766 1769 καὶ⁵

177 1804 424 1867 ἄπιστοι,
464 1805 653 1874 ἐπειδὴ
681 1805 834 1875 παρὰ
873 1805 967 1858 τοῦ
1001 1808 1286 1876 προφήτου
1314 1808 1416 1875 τὴν
1454 1823 1764 1876 καταστρο-

177 1899 288 1964 φὴν
315 1896 420 1965 τῆς
453 1897 663 1960 πόλεως
711 1897 941 1968 ἔμαθον,
975 1899 1245 1969 τοσαύτην
1276 1901 1622 1965 ἐπεδείξαντο
1668 1917 1764 1970 με·

176 1993 432 2059 τάνοιαν,
463 1993 540 2058 ὡς
577 1996 672 2048 καὶ
700 1996 768 2048 τὰ
825 1998 994 2066 νήπια
1024 1999 1119 2050 καὶ
1162 1998 1232 2050 τὰ
1267 1999 1444 2068 κτήνη
1476 1999 1765 2067 νηστεύειν

174 2091 527 2159 ἠνάγκασαν,
562 2094 658 2144 καὶ
686 2093 881 2147 σποδὸν
923 2095 1018 2146 καὶ
1075 2095 1281 2147 σάκκον
1322 2094 1762 2164 περιεϐάλλοντο,

177 2186 277 2239 καὶ
305 2184 457 2241 οὕτω
485 2186 582 2255 τῆς
604 2185 1025 2257 δικαίαςύργῆς
1047 2185 1141 2241 τοῦ
1171 2186 1310 2241 Θεοῦ
1341 2187 1762 2259 ἀπηλλάγησαν.

251 2367 634 2438 Δακρύσωμεν
685 2367 778 2422 οὖν
835 2370 930 2422 καὶ
986 2371 1183 2439 ἡμεῖς,
1238 2368 1767 2440 ἐξομολογησὼμεθα

177 2461 420 2525 ἔκαστος
470 2463 539 2516 τὰ
591 2462 699 2516 ἴδια
733 2463 1053 2533 πταίσματα
1085 2480 1098 2493 ·
1144 2463 1592 2535 προσληψὼμεθα
1625 2465 1768 2536 πρὸς

179 2554 316 2606 Θεὸν
344 2553 597 2625 μεσίτους
626 2556 752 2617 τοὺς
780 2554 990 2623 ἁγίους.
1027 2555 1152 2616 τούς
1183 2573 1241 2608 τε
1273 2556 1466 2619 ἄλλους
1500 2557 1596 2610 καὶ
1636 2576 1768 2611 κατ-

178 2648 466 2719 εξαίρετον
511 2648 612 2717 τὴν
646 2648 976 2717 ⁸ύειτέραιγνον
1027 2639 1348 2711 Δέσποιναν.
1389 2651 1489 2721 τὴν
1542 2655 1765 2722 ταχεῖαν

182 2741 530 2810 προστασίαν
564 2742 661 2794 καὶ
718 2741 934 2813 ἄμαχον
961 2758 972 2769 ·
1020 2743 1425 2812 προσπέσωμεν
1461 2745 1597 2814 αὐτῇ
1627 2746 1768 2816 μετὰ

176 2831 440 2902 δακρύων
464 2832 733 2902 δεόμενοι.

252 2923 440 2994 κυρία
486 2925 774 2986 Δέσποινα,
801 2926 832 2994 ἡ
873 2925 965 2978 τὸν
995 2925 1128 2979 Θεὸν
1159 2926 1330 2993 Λόγον
1370 2928 1427 2980 ὲν
1450 2930 1649 3000 γαστρί
1673 2949 1767 2985 σου

182 3017 326 3086 ὑπὲρ
359 3017 521 3084 λόγον
574 3021 899 3088 χωρήσασα,
936 3019 968 3089 ἡ
1018 3019 1118 3088 τὴν
1160 3020 1322 3086 φύσιν
1371 3021 1528 3092 ἡμῶν
1570 3023 1646 3093 τῷ
1691 3023 1768 3094 σῷ

177 3110 331 3177 τόκῳ
362 3110 640 3171 θεὼσασα.
673 3113 706 3180 ἠ
742 3110 864 3181 Θεῷ
894 3111 990 3164 καὶ
1032 3112 1344 3183 ἀνθρώποις
1385 3115 1463 3183 τῷ
1495 3115 1640 3187 τόκῳ
1672 3134 1766 3170 σου

1513 402 1844 465 HOMILIA
1883 404 2068 465 LXII.

1323 515 1615 584 πταίομεν,
1658 515 1752 568 καὶ

1870 529 2068 567 tamur.
2116 512 2412 568 Considera
2441 513 2586 569 enim
2625 512 2937 582 patientiam
2971 511 3082 565 Dei.
3117 509 3224 563 Nos
3254 524 3442 576 pecca-

3311 396 3441 467 1078

1859 622 2006 672 mus,
2044 607 2388 660 etclemenla
2440 607 2769 663 multantur:
2824 621 2926 660 nos
2981 603 3340 665 offendimus,
3383 609 3436 653 et

1861 710 2002 753 terra
2049 702 2269 769 punitur
2304 701 2417 771 (σε)
2441 720 2454 767 ;
2482 703 2675 756 malam
2714 717 2812 757 nos
2842 701 3002 774 427
3032 704 3240 771 agimus
3280 701 3446 753 vitam

1858 800 1910 845 et
1937 794 2169 847 inanima
2191 793 2560 864 flagellantur;
2587 796 2838 866 turpibus
2865 795 3066 848 nostris
3093 794 3442 856 facinoribus,

1862 883 2114 953 injuriam
2147 883 2394 940 Creatori
2446 886 2714 956 facimus;
2767 898 2821 944 et
2855 903 3072 959 pmnam
3120 887 3442 954 suscipiunt)

1862 989 1980 1040 quae
2010 975 2145 1029 nihil
2191 987 2590 1046 peccaverunt:
2625 981 2846 1048 perinde
2877 993 2933 1034 ut
2972 981 3014 1033 si
3051 978 3172 1048 quis
3203 978 3310 1031 filio
3351 979 3440 1030 dc-

1864 1063 2142 1134 linquente
2189 1082 2403 1124 servum
2453 1071 2739 1126 tormentis
2791 1071 3007 1124 alliciat.
3053 1071 3200 1124 Adco
3245 1070 3442 1122 bonum

1863 1157 2128 1216 habemus
2163 1161 2444 1216 Dominum
2468 1202 2482 1226 ,
2520 1163 2597 1217 ita
2636 1177 2734 1217 nos
2762 1162 3112 1225 admonet,ut
3138 1161 3201 1215 ad
3236 1161 3444 1228 frugem

1865 1251 2058 1305 bonam
2087 1251 2357 1318 adducat;
2384 1263 2434 1307 et
2455 1269 2639 1309 arcum
2664 1252 2880 1324 quidem
2910 1254 3168 1306 minarum
3195 1252 3442 1312 intendit,

1865 1347 2086 1404 cohibet
2125 1365 2258 1406 vero
2294 1351 2592 1407 iracundiae
2625 1351 2822 1417 telum;
2860 1365 2974 1405 non
3007 1349 3152 1404 enim
3182 1350 3293 1402 vult
3325 1347 3444 1400 ani-

1867 1455 1968 1495 mae
2004 1452 2202 1497 nostra;
2252 1451 2482 1497 mortem
2507 1484 2522 1506 ,
2568 1444 2661 1498 sed
2713 1443 3125 1499 conversionem
3147 1484 3162 1506 ,
3193 1450 3246 1494 ct
3275 1438 3448 1509 pumi-

1867 1529 2094 1584 tentiam
2140 1541 2443 1602 exspectat.
2479 1532 2884 1603 Resipiscamus
2915 1535 3100 1603 igitur,
3132 1531 3330 1585 fratres
3351 1572 3365 1595 ,
3394 1539 3447 1584 et

1870 1635 1988 1689 qua:
2022 1636 2120 1677 nos
2139 1623 2323 1678 facere
2344 1623 2598 1691 deceant,
2624 1626 2946 1688 sentiamus,
2974 1623 3264 1692 propitium
3293 1621 3446 1676 nobis

1872 1716 2162 1773 reddamus
2180 1719 2466 1774 Dominum
2486 1720 2696 1774 viscera
2715 1717 3104 1774 misericordia
3124 1717 3410 1771 habentem
3431 1733 3445 1780 ;

1873 1827 1940 1865 ne
1973 1811 2186 1880 pejores
2214 1811 2471 1867 Ninivitis
2496 1813 2800 1869 videamur.
2831 1812 2910 1865 llli
2942 1811 3086 1867 enim
3118 1809 3364 1879 gentiles,
3398 1819 3451 1861 et

1869 1903 2115 1958 infideles
2145 1920 2269 1959 cum
2309 1914 2520 1967 essent.
2578 1906 2737 1960 simul
2776 1919 2839 1959 ac
2874 1920 2903 1959 a
2945 1904 3209 1974 propheta
3241 1905 3307 1956 de
3338 1916 3450 1956 suae

1869 1995 2113 2052 civitatis
2143 1997 2431 2052 eversione
2476 2004 2886 2066 cognoverunt,
2923 1995 3083 2048 talem
3121 1993 3450 2061 pmuilentia:

1869 2103 2158 2158 suscepere
2176 2093 2418 2154 modum,
2437 2100 2492 2144 ut
2510 2099 2564 2144 et
2581 2090 2837 2153 infantes,
2861 2098 2914 2142 et
2930 2087 3177 2156 jumenta
3205 2085 3450 2156 jejunaro

1869 2182 2146 2253 coegerint
2172 2223 2186 2248 ,
2236 2193 2297 2238 et
2317 2183 2555 2238 cinerem
2588 2191 2641 2237 et
2671 2197 2888 2238 saccum
2919 2179 3193 2236 induerint
3220 2218 3235 2245 ,
3285 2183 3450 2246 atque

1871 2276 1944 2329 ita
1972 2291 2000 2328 a
2038 2276 2180 2344 justu
2215 2276 2308 2331 Dei
2343 2277 2580 2330 vindicta
2613 2290 2670 2330 se
2702 2275 3003 2330 Iiberarint.

1942 2364 2227 2422 Ploremus
2265 2366 2430 2436 igitur
2459 2375 2511 2418 et
2538 2380 2641 2421 nos
2667 2367 3018 2420 confiteantur
3036 2361 3252 2433 propria
3282 2375 3450 2416 unus-

1872 2459 2105 2527 quisque
2152 2469 2406 2528 peccata;
2464 2459 2842 2528 deprecatores
2893 2457 2958 2512 ad
2997 2457 3163 2511 Deum
3211 2465 3449 2520 sanctos,

1872 2551 2364 2621 conciliatoresque
2397 2550 2768 2618 asciscamus,
2811 2565 2936 2605 cum
2968 2549 3103 2604 alios
3128 2589 3142 2614 ,
3175 2557 3287 2602 tum
3322 2561 3451 2601 vero

1872 2656 1984 2708 pra:
2017 2642 2228 2697 caeteris
2250 2643 2647 2697 sanctissimam
2679 2641 2958 2697 Dominam
2982 2641 3266 2710 eligamus;
3293 2640 3448 2693 velox

1872 2741 1926 2787 et
1967 2733 2382 2803 inexpugnabile
2414 2733 2724 2804 praesidium
2752 2731 2890 2802 (25),
2916 2730 3296 2801 provolvamur
3332 2728 3448 2798 ejus

1874 2825 2101 2892 genibus
2126 2823 2533 2896 cum'lacrymis
2567 2825 2957 2894 deprecantes:

1947 2932 2172 2986 Domina
2206 2941 2415 2996 nostra,
2450 2947 2572 3001 quae
2600 2931 2834 2986 Verbum
2872 2931 3039 2985 Deum
3077 2931 3131 2986 in
3171 2940 3323 2985 utero
3356 2937 3446 2984 tuo

1875 3037 2043 3091 supra
2074 3032 2289 3077 natura:
2315 3024 2580 3077 rationem
2627 3023 2816 3092 cepisti
2846 3061 2862 3088 ,
2911 3036 3029 3091 qua?
3060 3031 3310 3076 naturam
3346 3037 3444 3074 no-

1875 3122 2044 3167 stram
2077 3112 2192 3182 (24)
2240 3123 2332 3167 tuo
2385 3123 2542 3183 partu
2574 3112 2836 3167 deificasti
2865 3151 2879 3177 ,
2919 3127 3038 3181 quae
3086 3112 3230 3166 inter
3276 3111 3443 3165 Deum

184 3202 584 3270 μισιτεύσασα,
616 3204 839 3274 ἐλέησον
867 3203 959 3256 τὸν
997 3204 1126 3256 λαόν
1158 3223 1274 3269 σου,
1314 3208 1408 3259 καὶ¹
1441 3208 1541 3278 τὴν
1571 3210 1765 3282 κληρο-

1871 3215 1922 3259 et
1943 3205 2216 3260 hominem
2243 3215 2328 3258 tua
2356 3205 2507 3274 prole
2531 3214 2810 3274 sequestra
2843 3219 2922 3267 es,
2961 3204 3219 3258 miserere
3249 3203 3445 3271 populo

181 3295 382 3362 νομίαν
429 3311 560 3346 σου·
619 3294 1059 3363 σπλαγχνίσθητι
1102 3297 1195 3348 ἐπὶ
1255 3296 1430 3370 ταύτῃ
1489 3302 1555 3368 τῇ
1613 3302 1768 3355 πόλει

184 3401 306 3446 σου,
341 3388 406 3455 τῇ
441 3387 496 3437 ὲν
536 3385 611 3454 τῷ
654 3386 732 3455 σῷ
775 3387 1111 3457 καυχωμένη
1146 3387 1394 3457 ὀνόματι.
1430 3391 1769 3446 Μεσίτευσον

181 3478 328 3546 ὑπὲρ
378 3478 537 3546 ἡμῶν
588 3479 695 3531 τῶν
745 3477 983 3545 ἀναξίων
1024 3479 1228 3534 δούλων
1279 3499 1397 3548 σου,
1443 3483 1769 3550 δυσώπησω

178 3569 271 3621 τὸν
311 3570 580 3639 μονογενῆ
617 3588 711 3622 σου
741 3571 869 3622 Υίὸν
900 3572 994 3623 ἐπὶ
1020 3574 1134 3634 τοῖς
1165 3573 1454 3642 ἡμετέροις
1490 3579 1770 3647 μακροθυ-

186 3662 367 3728 μῆσαι
391 3662 725 3730 πταίσμασι,
759 3662 854 3714 καὶ
883 3661 1046 3715 λῦσαι
1085 3662 1184 3733 τὴν
1231 3665 1352 3718 καθ’
1381 3667 1538 3736 ἡμῶν
1563 3670 1768 3740 ταύτην

180 3753 404 3806 δικαίαν
465 3754 659 3824 ὀργὴν,
718 3756 814 3808 καὶ
876 3758 998 3818 ταῖς
1057 3756 1318 3826 νεφέλαις
1366 3759 1622 3824 ἐπιτάξαι
1675 3764 1769 3817 τὸν

187 3845 346 3897 ὑετὸν
382 3845 737 3916 ἐπομϐρῆσαι
783 3847 1053 3915 συνήθως,
1091 3849 1187 3901 καὶ
1216 3849 1311 3901 τὸν
1342 3850 1556 3920 αὐχμὸν
1582 3853 1770 3907 διαλῦ-

185 3952 297 3995 σαι.
334 3938 430 3988 καὶ
463 3936 562 4005 τῆς
603 3936 707 4004 γῆς
745 3936 992 4006 δροσίσαι
1043 3937 1135 3992 τὸν
1170 3939 1448 3994 καύσωνα.
1508 3942 1635 4005 Ναὶ,
1670 3945 1770 3998 Δέ-

185 4043 384 4079 σποινα
414 4028 447 4092 ή
476 4025 569 4078 τοῦ
601 4027 807 4097 κόσμου
841 4025 1151 4097 ἀντίληψις,
1204 4029 1427 4098 ἐλέησον
1463 4029 1772 4100 θηλάζοντα

185 4121 250 4189 νή
261 4119 650 4190 πια,γέροντας
671 4119 1038 4188 κεκμηκότας,
1060 4121 1299 4190 πένητας
1313 4125 1731 4193 πεφρυγμένους
1751 4141 1768 4161 ⁸

189 4214 268 4282 μὴ
312 4215 485 4282 ἐάσῃς
520 4215 692 4282 ἡμᾶς,
715 4211 1016 4266 ἀπολέσθαι
1045 4215 1164 4276 ταίς
1238 4215 1542 4285 ἁμαρτίαις
1585 4218 1768 4288 ἡμῶν.

196 4305 576 4373 Ἥμαρεομεν,
627 4304 990 4374 ὴνομήσαμεν
1020 4348 1034 4366 ,
1112 4305 1203 4357 τὸν
1249 4306 1490 4375 καθαρὸν
1538 4307 1632 4360 τοῦ
1679 4308 1772 4379 βα-

187 4397 498 4464 πτίσματος
516 4395 717 4464 χιτῶνα
746 4395 1278 4465 κατερῥυπὼσαμεν,
1306 4396 1406 4458 τὰς
1427 4399 1774 4464 Δεσποτικὰς

186 4489 412 4547 ἐντολὰς
460 4487 807 4557 ἠθετήσαμεν
841 4503 854 4515 ·
907 4486 1042 4540 ἀλλὰ
1087 4486 1190 4540 κᾶν
1219 4485 1636 4559 ὀλισθαίνωμεν,
1669 4491 1771 4544 οὐκ

185 4579 536 4648 ἐπιστάμεθα
585 4579 718 4632 Θεὸν
759 4579 970 4650 ἕτερον,
1017 4579 1193 4650 ἀλλ’ἢ
1227 4581 1321 4633 τὸν
1354 4581 1621 4651 μονογενῆ
1672 4600 1766 4635 σου

186 4673 340 4731 Tios.
378 4672 475 4723 τὸν
506 4672 602 4724 σὺν
630 4673 809 4741 Πατρὶ
864 4672 957 4722 καὶ
994 4669 1133 4741 ἁγίῳ
1165 4671 1444 4741 Πνεύματι
1479 4673 1769 4743 δοξαζόμε-

185 4782 273 4818 νον
300 4767 383 4828 εἰς
414 4764 542 4826 τοὺς
569 4763 791 4826 αἰῶνας.
833 4761 1031 4832 Ἀμήν.

1875 3306 1966 3350 ιιιο
1992 3334 2006 3357 .
2042 3305 2100 3350 et
2131 3295 2437 3350 haereditati
2472 3306 2610 3361 tuae;
2643 3295 2796 3349 flecte
2826 3295 3030 3349 viscera
3064 3295 3446 3348 misericordia:

1876 3396 1979 3440 tuae
2027 3401 2154 3456 erga
2204 3385 2345 3442 hanc
2372 3387 2649 3442 civitatem
2700 3387 2755 3440 in
2810 3397 2900 3442 tuo
2955 3386 3171 3440 nomine
3208 3384 3445 3456 glorian-

1880 3488 1988 3532 tem
2025 3477 2178 3549 (25);
2207 3478 2483 3533 intercede
2519 3494 2616 3549 pro
2643 3480 2796 3532 nobis
2835 3477 3068 3544 indignis
3097 3477 3272 3531 servis
3300 3479 3445 3543 tuis;

1876 3584 2066 3640 pacem
2103 3585 2364 3640 exposce,
2397 3579 2452 3624 et
2483 3584 2650 3624 exora
2683 3570 3016 3640 unigenitum
3039 3568 3239 3622 Filium
3274 3579 3446 3633 tuum,

1874 3673 1932 3717 ut
1984 3661 2186 3718 toleret
2219 3671 2440 3731 peccata
2475 3671 2685 3725 nostra,
2709 3670 2763 3715 et
2796 3662 2931 3715 hanc
2962 3670 3150 3715 contra
3182 3676 3278 3715 nos
3304 3661 3450 3730 juste

1872 3758 2202 3814 concitatam
2236 3758 2570 3813 iracundiam
2603 3766 2767 3826 ponat
2806 3776 2820 3812 :
2865 3758 3092 3826 imperet
3126 3757 3357 3813 nubibus
3391 3768 3447 3813 ut

1871 3859 2188 3905 consuetam
2241 3850 2406 3906 nobis.
2448 3849 2684 3918 pluviam
2736 3848 2993 3914 mittant,
3044 3857 3099 3902 et
3143 3848 3447 3918 squalorem

1873 3941 2019 3998 hunc
2045 3942 2311 4006 eximant,
2341 3951 2398 3996 et
2427 3943 2653 4012 irrigent
2685 3949 2843 3996 terrae
2874 3941 3240 3997 adustionem.
3271 3940 3450 3995 Etiam

1874 4033 2102 4087 Domina
2133 4034 2317 4086 mundi
2351 4032 2689 4102 recuperatio
2717 4070 2732 4096 ,
2781 4032 3046 4089 miserere
3072 4033 3332 4087 lactentes
3362 4033 3449 4086 in-

1876 4124 2054 4178 fantes
2075 4162 2090 4184 .
2119 4139 2279 4178 senes
2327 4121 2711 4178 defatiscentes
2731 4163 2748 4187 ,
2778 4138 3042 4192 pauperes
3075 4125 3449 4188 tabescentes;

1873 4231 1940 4270 ne
1960 4216 2109 4270 sinas
2129 4231 2228 4269 nos
2242 4215 2440 4269 nostris
2462 4215 2781 4271 criminibus
2806 4215 3049 4271 interire.
3069 4216 3447 4281 Peccavimus,

1875 4308 2074 4377 injuste
2091 4308 2396 4377 egimus,pu
2407 4322 2517 4360 ram
2536 4307 2788 4376 baptismi
2812 4318 3012 4363 vestem
3035 4311 3422 4365 commaculavi
3436 4326 3452 4354 ε

1875 4414 2014 4457 mus,
2045 4398 2258 4452 Domini
2287 4407 2557 4467 praerepta
2599 4399 3066 4468 contempsimus:
3092 4415 3277 4453 verum
3320 4408 3375 4455 et
3405 4401 3452 4455 si

1874 4492 2106 4562 prolapsi
2130 4508 2340 4557 sumus,
2366 4492 2528 4545 alium
2550 4501 2729 4546 tamen
2748 4507 2852 4547 non
2868 4493 3243 4561 cognoscimus
3259 4494 3448 4557 Deum,

1875 4585 1978 4638 nisi
2013 4583 2364 4654 Unigenitum
2396 4594 2570 4651 tuum,
2611 4585 2702 4654 qui
2729 4599 2850 4639 cum
2880 4583 3046 4640 Patre
3072 4625 3089 4652 ,
3147 4597 3200 4639 et
3237 4585 3443 4656 Spiritu

1879 4688 2068 4730 sancto
2099 4677 2429 4745 glorificatur
2455 4676 2509 4731 in
2536 4676 2732 4732 saecula
2760 4678 3101 4732 saeculorum.
3137 4680 3328 4733 Amen.

1433 4909 1757 4971 Francisci
1795 4908 2005 4973 Scorsi
2042 4917 2229 4971 notas.

257 5061 373 5130 (Ἡ)
404 5060 471 5113 Et
502 5068 643 5113 terra
671 5058 906 5130 punitur.
982 5058 1092 5112 Καὶ
1123 5059 1449 5130 τιμωρεῖται
1479 5060 1511 5129 ή
1539 5061 1633 5127 γῆ,
1670 5057 1768 5130 se-

185 5127 372 5203 quitur
407 5131 476 5184 ad
505 5127 704 5203 vocem
764 5129 1115 5203 πταίομενίη
1140 5127 1299 5203 galli.
1330 5129 1396 5203 Et
1441 5127 1634 5203 deinde
1662 5129 1765 5182 alia

187 5199 457 5260 sententia
503 5201 688 5270 incipit
718 5199 964 5254 εΦαῦλον
992 5200 1105 5268 βίον
1135 5199 1319 5268 ζῶμεν
1354 5201 1517 5270 ,ἡμεῖς
1546 5200 1638 5251 καὶ
1665 5217 1770 5269 μα.

187 5275 458 5336 στίζεται,
507 5269 625 5324 οιοζ
671 5272 740 5324 At
800 5271 852 5323 in
899 5271 1158 5324 Panorm.
1197 5285 1264 5322 ex
1313 5269 1396 5323 his
1436 5271 1763 5323 duabusuna

189 5344 688 5465 Lictaftdp'e‘rﬂista
714 5349 834 5395 erat
883 5341 1161 5411 Πταὶομεν
1186 5342 1349 5410 ήμεῖς
1379 5340 1477 5394 καὶ
1500 5339 1764 5410 μαστίζε-

258 5432 326 5464 ιτ
435 5431 475 5465 ψ
517 5430 530 5440 κ
592 5450 606 5464 .

184 5431 272 5467 ται
297 5416 366 5466 τὰ
398 5416 606 5467 ἄψυγα.

256 5431 370 5553 ξοδ
398 5431 663 5553 “vagiat
721 5480 1123 5549 inexpugnabile
1154 5480 1480 5553 prasidium.
1513 5477 1622 5553 Hoc
1645 5495 1773 5535 vero

183 5551 419 5622 elogium
478 5551 536 5606 Β.
587 5551 816 5619 Virginis
860 5553 972 5619 ipsa
996 5553 1212 5621 dignum
1263 5552 1770 5622 cpiscopipictate,

184 5620 294 5676 non
325 5625 446 5676 sine
487 5623 768 5690 utriusque
810 5623 1003 5689 injuria
1047 5620 1329 5684 emissum,
1410 5625 1460 5673 in
1518 5620 1769 5676 l’anortn.

188 5694 406 5750 restitui
430 5709 498 5749 ex
545 5691 684 5749 Call.
709 5692 795 5749 ubi
842 5693 956 5764 Τὴν
988 5693 1214 5762 ταχεῖαν
1259 5693 1619 5763 προστασίαν,
1675 5692 1774 5744 καὶ

1875 5059 2087 5127 ἄμαχον
2117 5058 2375 5129 scriptum
2404 5059 2603 5129 reperi.

1950 5123 2062 5199 (ει)
2122 5123 2253 5199 Quae
2314 5123 2562 5199 naturam
2605 5136 2858 5182 nostram.
2888 5123 2990 5199 _Et
3021 5127 3170 5199 _h:ec_
3195 5126 3356 5181 etiam
3383 5127 3450 5199 ad

1879 5196 2214 5267 majestatem
2239 5198 2300 5252 Β.
2325 5197 2468 5267 Virg.
2498 5199 2848 5268 pertinentia,
2887 5197 2952 5251 Ἠ
2983 5196 3080 5268 τὴν
3099 5196 3264 5265 φύσιν
3292 5197 3450 5265 ἡμῶν

1870 5270 1949 5338 τῷ
1975 5268 2052 5338 σῷ
2084 5269 2230 5338 τόκῳ
2260 5268 2538 5322 θεώσασα.
2595 5267 2726 5333 Quae
2784 5267 3305 5338 naluraminoatrgm
3363 5278 3450 5321 tua

1871 5336 2032 5407 partu
2057 5336 2427 5406 sanctiﬁcat“,
2478 5341 2724 5393 restituta
2757 5351 2878 5392 sunt
2909 5353 2972 5392 ex
2989 5340 3177 5392 eodem
3199 5336 3342 5391 Gall.

1944 5410 2054 5479 (9.5)
2090 5409 2361 5463 Civitatem
2393 5411 2444 5463 in
2469 5419 2556 5462 tuo
2581 5410 2790 5462 nomine
2818 5410 3152 5478 gloriantem.
3207 5411 3282 5461 Oh
3317 5409 3442 5461 ima-

1871 5480 2132 5546 ginemB.
2195 5480 2429 5550 Virginis
2485 5479 2901 5548 ἀχειροποίητον
2938 5483 3448 5550 nonmanufactatn

1873 5551 2077 5605 dictum
2132 5547 2472 5619 potissimum
2519 5547 2808 5604 arbitrora
2862 5549 3209 5615 Theophane,
3244 5547 3449 5619 Tauro-

1875 5623 2109 5676 menium
2135 5617 2207 5674 'in
2251 5619 2491 5688 Virginis
2539 5620 2757 5674 nomine
2789 5620 3022 5685 gloi-iari
3051 5635 3063 5672 :
3095 5620 3160 5675 de
3195 5634 3303 5689 quo
3329 5617 3450 5673 vide

1875 5702 1988 5745 nol.
2026 5692 2110 5760 Η,
2143 5701 2196 5746 ct
2224 5692 2465 5748 Promm.
2489 5689 2756 5761 I,lsag.,§
2791 5690 2842 5744 5.
