4168 6456
709 349 848 415 1083

2014 357 2179 419 NILI
2224 356 2699 417 DOXAPATRII

3855 355 3991 419 1081

702 467 771 522 ad
831 482 1033 521 annum
1079 468 1235 531 1033,
1285 482 1409 539 pag.
1478 467 1607 531 603,
1670 480 1833 530 quem
1886 465 1994 522 huc
2058 468 2335 534 transtuli,
2369 482 2561 522 errore
2606 477 2872 535 excepta);
2928 466 3259 523 Frederieus
3304 465 3675 538 Spanhemius
3718 469 3772 522 in
3821 471 3991 524 Exer-

705 556 966 609 citatione
1012 557 1273 611 historico
1316 556 1640 624 theologica,
1690 556 1766 610 De
1808 568 2061 626 perpetua
2107 558 2164 611 in
2207 556 2346 609 hunc
2384 558 2528 611 diem
2576 558 2909 613 dissensione
2957 555 3215 613 Ecclesia:
3263 558 3465 613 Greca:
3514 568 3564 612 et
3612 558 3906 615 Orientalis
3958 577 3991 611 α

703 642 971 709 Romanu,
1024 653 1176 714 parte
1216 661 1295 709 ιι,
1342 661 1492 704 Itum.
1544 645 1638 699 22.

720 845 1096 857 .-.---

722 862 1113 873 -ρ--ι-*ος
1164 860 1426 872 ι-Δ-ῌ-η-δ
1458 865 1689 873 ,ο-σ-ᾉ-

1362 1007 1990 1142 ΝΕΙΛΟΥ
2068 1003 3326 1148 ΔΟΞΑΠΑΤΡΙΟΥ

2746 844 3645 875 mm—

3652 848 3972 872 L.m

2266 1248 2467 1301 ΤΑΞῘΣ

1154 1416 1457 1532 ΤΩΝ
1580 1420 2750 1539 ΠΑΤΡΙΑΡΧΙΚΩΝ
2866 1426 3539 1543 ΘΡΟΝΩΝ.

1492 1818 1889 1970 NlLI
2001 1810 3203 1971 DOXAPATBII

2189 2080 2525 2144 NOTITIA

1175 2276 2089 2392 THBONORUM
2240 2273 3567 2397 PATRIARCHALIUM.

1370 2498 1569 2563 (Steph.
1594 2499 1663 2549 Le
1708 2499 1894 2561 Motae,
1920 2497 2081 2549 Varia
2099 2510 2260 2559 sacra,
2289 2503 2411 2549 tom.
2446 2500 2485 2561 l,
2519 2514 2569 2563 p.
2595 2500 2706 2550 2H.
2731 2499 2891 2564 Lugd.
2920 2500 3096 2552 Batav.
3122 2501 3261 2552 1685.
3286 2502 3357 2566 4.)

722 2796 1164 2855 Commentarius
1184 2794 1546 2850 concinnatus
1572 2810 1602 2849 a
1626 2792 1749 2850 Nilo
1781 2794 2113 2864 Doxapatrio
2137 2794 2319 2850 arcbi-
2344 2796 2382 2853 Δ

2444 2793 2775 2865 Βύγγραμμα
2810 2794 3104 2864 γενόμενον
3131 2795 3282 2865 παρὰ
3336 2795 3536 2849 Νεῦςου
3575 2797 4016 2869 ἀρχιμανδρίτου

796 2892 1095 2953 mandrita,
1147 2890 1301 2959 jussu
1351 2888 1676 2942 nobilissimi
1711 2889 1892 2958 magni
1927 2887 2072 2957 regis
2100 2886 2318 2957 Rogerii

797 2986 863 3039 de
909 2986 1153 3055 quinque
1201 2982 1659 3052 patriarcbalibus
1696 2982 1930 3045 tltronis,
1980 2992 2035 3036 et
2066 2981 2170 3035 illis
2194 2981 2321 3035 sub-

791 3075 956 3145 jectis
1041 3074 1639 3144 arcltiepiscOpatibus,
1706 3083 1763 3129 et
1827 3074 2318 3143 metropolitatibus

797 3177 855 3223 et
903 3169 998 3238 qui
1064 3166 1576 3238 metropolitatibus
1623 3168 1969 3233 subduntur,
2026 3168 2319 3237 episcopis,

802 3273 857 3317 et
907 3262 1237 3317 dimcesibus
1266 3262 1691 3328 uniuscujusque
1720 3260 1866 3315 sedis
1918 3261 2319 3331 patriarcltalis.

800 3352 868 3406 Et
890 3352 1163 3422 quomodo
1185 3354 1472 3421 etquando
1511 3351 1857 3421 patriarebici
1880 3352 2062 3407 throni
2095 3351 2321 3406 instituti

803 3456 949 3507 sunt,
968 3455 1019 3499 et
1044 3443 1114 3500 de
1135 3458 1320 3498 eorum
1353 3444 1563 3507 ordine,
1584 3455 1639 3499 et
1666 3446 1902 3515 propriis
1925 3445 2254 3508 nominibus,
2271 3452 2320 3500 et

803 3516 959 3609 cujus
994 3538 1169 3591 locum
1195 3544 1442 3601 teneant,
1470 3538 1828 3593 concinnatus
1867 3546 1951 3593 est
1975 3553 2117 3593 anno
2156 3536 2322 3605 6651,

810 3632 1105 3685 indictione
1123 3638 1302 3685 sexta.

809 3806 1078 3876 Perquam
1135 3805 1499 3862 illustrissime
1541 3804 1763 3860 domine
1825 3806 1920 3871 mi,
1950 3803 2021 3860 de
2061 3820 2127 3860 eo
2184 3807 2324 3875 quod

739 3897 806 3952 ad
876 3913 962 3952 me
1021 3896 1290 3966 scripsisti
1351 3910 1672 3965 argumento
1735 3900 1989 3951 recordor
2052 3913 2158 3963 me,
2201 3914 2325 3952 cum

741 3992 793 4045 in
846 4001 1033 4045 castro
1077 3987 1350 4043 l’anormo
1406 4004 1583 4043 essem
1617 3990 1725 4048 .ad
1776 3998 1920 4042 tuam
1975 3990 2329 4057 quaestionem

741 4082 1111 4150 rescripsisse,
1136 4096 1241 4134 non
1276 4081 1347 4135 ita
1380 4091 1560 4134 tamen
1588 4079 1729 4143 fuse,
1765 4090 1822 4134 ut
1854 4096 1998 4133 nunc
2022 4082 2326 4147 postulasti.

2493 2886 2588 2939 τοῦ
2630 2886 3011 2957 Δοξαπατρίου
3070 2888 3216 2941 κατὰ
3265 2887 3516 2940 κέλευσεν
3556 2888 3652 2941 τοῦ
3690 2891 4017 2957 εὐγενεστά-

2494 2993 2588 3029 του
2628 2977 2870 3046 μεγάλου
2892 2977 3060 3045 ρηγὺς
3103 2977 3390 3047 Ῥογερίου
3423 2980 3553 3048 περὶ
3578 2980 3686 3031 τῶν
3713 2981 3878 3033 πέντε
3910 2998 4018 3034 πα-

2495 3069 2832 3138 τριαρχικῶν
2858 3069 3086 3139 θρόνων,
3129 3072 3359 3123 καὶτῶν
3401 3072 3498 3124 ὑπ’
3534 3073 3735 3136 αὐτοὺς
3768 3074 4021 3143 ἀρχιεπι-

2498 3161 2738 3224 σκοπῶν,
2769 3162 2865 3214 καὶ
2900 3162 3314 3233 μητροπόλεων,
3356 3165 3451 3216 καὶ
3500 3163 3609 3215 τῶν
3642 3166 3749 3217 ὑπὸ
3782 3168 3883 3228 τὰς
3920 3185 4023 3235 μη-

2495 3253 2781 3322 τροπόλεις
2807 3255 3145 3316 ἐπισκοπῶν,
3163 3258 3256 3308 καὶ
3274 3255 3382 3308 τῶν
3403 3257 3629 3326 ἐνορίων
3651 3258 3890 3311 ἑκάστου
3914 3276 4023 3310 πα-

2500 3346 2818 3417 τριαρχικοῦ
2873 3346 3093 3416 θρόνου,
3154 3348 3251 3400 καὶ
3319 3349 3435 3411 πῶς
3496 3352 3589 3401 καὶ
3620 3350 3752 3401 πότι
3788 3352 4022 3418 συνέστη

2500 3441 2731 3502 ἕκαστος
2790 3440 3199 3510 πατριαρχικὸς
3257 3439 3470 3509 θρόνος,
3508 3443 3603 3494 καὶ
3634 3448 3765 3513 περί
3793 3444 3895 3511 τῆς
3924 3444 4025 3496 τά-

2501 3531 2635 3597 ξεως
2661 3533 2863 3596 αὐτῶν,
2899 3532 2994 3584 καὶ
3030 3532 3142 3583 τῶν
3206 3533 3393 3586 ίδικῶν
3442 3534 3676 3587 ἑκάστου
3713 3537 4021 3602 ὀνομάτων,

2498 3626 2589 3675 καὶ
2611 3622 2712 3674 ποῦ
2738 3622 2893 3689 λόγον
2919 3623 3197 3692 ἐπέχουσι.
3228 3624 3549 3694 Συνεγράφη
3580 3626 3635 3678 δὲ
3666 3625 3801 3689 ἔτει,
3824 3626 4022 3697 ,ςχναἏ

2506 3715 2845 3777 ίνδικτιῶνος
2881 3721 2961 3779 ς’.

2503 3811 2915 3877 Πανευγέστατε
2952 3810 3197 3864 Αὐθεντα
3232 3829 3356 3879 μου,
3379 3813 3510 3882 περὶ
3543 3828 3608 3883 ης
3640 3829 3731 3881 μοι
3765 3812 4022 3883 ἔγραψας

2433 3904 2744 3965 ὑποθέσεως
2799 3903 3113 3974 μέμνημαι,
3137 3906 3221 3958 ὄτι
3258 3907 3315 3957 ὲν
3350 3905 3428 3973 τῷ
3466 3908 3692 3958 καστελ)
3708 3907 3773 3973 ίῳ
3810 3908 4027 3978 Πανόρ-

2437 4012 2521 4063 μῳ
2545 3993 2640 4057 ὢν,
2677 3994 2895 4062 ἔγραψα
2957 3994 3093 4064 πρὸς
3125 3993 3225 4064 τὴν
3264 3996 3364 4063 σὴν
3392 3996 3701 4062 ἀντίληψιν,
3734 3995 3879 4065 πλὴν
3917 3996 4033 4064 οὐχι

2434 4084 2576 4137 οὕτω
2626 4084 2990 4151 πλατύτερον,
3021 4082 3097 4146 ὡς
3147 4082 3244 4136 νῦν
3283 4082 3597 4154 ἠρώτησας.
3628 4083 3744 4135 Νῦν
3771 4084 3827 4136 δὲ
3862 4085 4034 4137 πολλά

741 4170 894 4226 Nunc
955 4188 1083 4227 vero
1114 4188 1233 4241 quae
1290 4188 1319 4225 a
1383 4183 1434 4227 te
1488 4184 1784 4241 poscuntur
1826 4188 1855 4225 a
1887 4172 2144 4241 pleraque
2182 4184 2330 4240 sunt,
2366 4150 2382 4208 ¹

2444 4176 2636 4253 είσιτὰ
2664 4150 3014 4243 ἐρωτηθέντα
3060 4175 3156 4227 καὶ
3202 4150 3360 4245 χρεία
3416 4150 3753 4245 λέπτοτέρας
3789 4178 4033 4248 γραφῆς,

745 4265 1094 4335 imligentque
1146 4263 1443 4333 scriptione
1507 4265 1781 4318 exactiore
1863 4274 1915 4318 et
1994 4266 2330 4321 narratione.

752 4355 1048 4423 Proliterea
1113 4357 1259 4410 omni
1321 4356 1507 4411 labore
1548 4357 1791 4424 neglecto
1830 4358 1954 4427 (hoc
1983 4360 2126 4413 enim
2153 4361 2337 4414 cade-

746 4449 861 4503 bito
914 4449 1055 4518 quod
1102 4448 1342 4518 eﬂ‘ugere
1391 4462 1550 4502 nemo
1582 4450 1740 4515 valet,
1790 4450 1881 4502 tibi
1938 4452 2182 4507 debetur.
2222 4464 2337 4506 toto

748 4553 968 4611 pectore
1028 4557 1091 4596 ac
1152 4543 1335 4595 animo
1397 4541 1635 4610 explere,
1693 4543 1955 4611 quidquid
2000 4560 2028 4597 a
2064 4555 2153 4597 tua
2194 4560 2337 4613 pne-

748 4633 966 4687 excelsa
1027 4633 1321 4687 eminentia
1372 4634 1503 4688 mihi
1546 4635 1859 4703 imponitur,
1912 4647 1964 4690 et
1996 4636 2335 4704 potissimum

750 4739 874 4779 cum
945 4725 1118 4779 sancti
1150 4724 1326 4781 Patris
1382 4727 1487 4780 mei
1518 4726 1803 4795 imperium
1832 4728 2075 4795 accedat)
2100 4732 2339 4782 conabor

753 4818 995 4871 breviter
1036 4816 1113 4869 uti
1172 4824 1381 4886 potero,
1414 4818 1709 4887 scriptione
1755 4818 1935 4887 plana,
1960 4828 2121 4887 atque
2150 4828 2338 4888 aperta

752 4909 1045 4965 commissa
1110 4910 1240 4965 mihi
1272 4911 1452 4965 omnia
1513 4910 1879 4981 complanare.
1916 4908 2048 4971 Tale
2105 4926 2234 4966 vero
2268 4911 2340 4970 sit

756 5002 1076 5073 principium

825 5092 1113 5148 Veteribus
1138 5091 1417 5149 historicis
1448 5103 1502 5149 et
1534 5093 1860 5165 geographis
1918 5092 2340 5163 sapientioribus

756 5186 811 5239 in
865 5195 975 5241 tres
1025 5197 1205 5255 partes
1254 5186 1543 5242 universus
1573 5187 1719 5242 orbis
1749 5187 1953 5242 divisus
1981 5197 2097 5252 est,
2129 5188 2341 5257 Asiam,

757 5277 1034 5335 Orientem
1060 5296 1273 5348 nempe,
1306 5279 1600 5352 Europam,
1631 5282 1982 5341 Occidentem
2023 5286 2254 5352 scilicet,
2289 5295 2345 5342 et

759 5372 814 5427 in
873 5371 1121 5445 Libyam.
1183 5372 1366 5441 Quare
1421 5384 1603 5431 autem
1640 5392 1980 5448 unaquaeque
2005 5395 2133 5448 pars
2160 5381 2211 5435 id
2239 5380 2343 5436 sibi

765 5482 960 5521 nomen
1017 5468 1293 5534 asciverit,
1324 5482 1430 5523 non
1460 5478 1541 5524 est
1578 5471 1864 5539 prtesentis
1907 5472 2104 5549 negotii
2140 5472 2343 5528 dicere.

758 5558 838 5613 Ex
866 5568 1106 5627 quatuor
1159 5560 1343 5630 itaque
1398 5560 1705 5633 ingentibus
1744 5562 1947 5634 regnis,
1993 5578 2111 5632 qua:
2136 5578 2344 5634 prava-

760 5651 1020 5707 ticinatus
1045 5650 1221 5707 luerat
1242 5653 1428 5709 Daniel
1449 5654 1708 5725 propheta
1745 5654 1852 5710 duo
1882 5655 1935 5710 in
1962 5656 2089 5711 Asia
2114 5656 2355 5713 fuerunt.

770 5745 1012 5799 Primum
1039 5745 1458 5817 Babyloniorum
1481 5756 1536 5804 et
1560 5748 1932 5819 Assyriorum,
1969 5756 2025 5804 et
2049 5747 2350 5815 Medorum,

772 5845 827 5891 ct
851 5841 993 5905 quod
1023 5848 1142 5909 post
1172 5839 1273 5896 hoc
1305 5838 1553 5896 ultimum
1576 5852 1752 5898 ortum
1781 5842 1987 5911 habuit,
2024 5843 2309 5907 Persarum
2335 5860 2351 5901 :

2376 5518 2424 5583 C

2438 4270 2529 4323 καὶ
2558 4268 2891 4338 διηγήσεως.
2934 4268 3034 4321 Διὰ
3072 4254 3233 4321 τοῦτο
3284 4270 3380 4320 καὶ
3409 4268 3615 4331 παντὸς
3660 4269 3830 4319 πόνου
3866 4284 4033 4322 κατα-

2439 4361 2716 4429 φρονήσας
2748 4359 2929 4432 (τοῡτο
2962 4361 3069 4431 γὰρ
3121 4361 3185 4411 ὲκ
3217 4360 3413 4431 χρέους
3460 4361 3612 4412 ἐστὶν
3650 4360 4034 4429 ἀπαραιτήτου

2438 4452 2814 4520 ὀφειλόμενον,
2866 4451 2926 4503 τὸ
2981 4450 3263 4520 ὁλοψύχως
3321 4450 3639 4520 ἐκπληροῦν
3664 4451 3722 4503 τὸ
3750 4453 3911 4521 παρὰ
3941 4452 4037 4521 τῆς

2440 4545 2541 4615 σῆς
2604 4543 3058 4614 μεγαλυπερόχου
3111 4544 3390 4614 ὑπεροχῆς
3452 4545 3889 4611 ἐπιταττόμενον
3923 4563 4034 4613 μοι,

2444 4637 2583 4707 μετὰ
2618 4638 2710 4689 καὶ
2746 4636 3174 4707 προτροπῆςτοῦ
3204 4636 3360 4704 ἁγίου
3396 4652 3498 4704 μου
3534 4636 3803 4705 Πατρὸς),
3839 4639 4038 4706 πειρὰ-

2443 4747 2609 4800 σομαι
2648 4730 2737 4783 διὰ
2769 4730 3024 4800 βραχέων
3060 4730 3186 4781 ὅσον
3222 4728 3284 4781 τὸ
3310 4727 3454 4781 κατὰ
3482 4727 3716 4797 δύναμιν
3749 4728 3841 4781 διὰ
3898 4746 4037 4799 γρα-

2442 4826 2548 4894 φῆς
2584 4822 2788 4892 σαφοῦς
2844 4825 3203 4891 παραστῆσαι
3274 4821 3458 4874 πάντα
3517 4820 3584 4873 τὰ
3621 4822 4038 4889 ἐπιτεταγμένα

2448 4935 2561 4971 μοι.
2602 4915 2865 4988 Ἀρκτέον
2902 4914 2959 4967 δὲ
3004 4913 3168 4968 οὕτω.

2517 5093 2680 5170 Παρὰ
2708 5094 2821 5157 τοῖς
2852 5092 3102 5155 παλαιοῖς
3132 5093 3314 5161 σοφοτς
3342 5092 3638 5162 ἱστορικοῖς
3670 5109 3731 5145 τε
3772 5094 3866 5146 καὶ
3900 5111 4040 5163 γεω-

2445 5186 2679 5257 γράφοις
2718 5188 2798 5249 εἰς
2830 5185 2957 5256 τρία
3004 5185 3149 5256 μέρη
3180 5187 3213 5255 ἡ
3236 5185 3534 5255 οἰκουμένη
3573 5186 3725 5238 πᾶσα
3754 5186 4039 5258 διῄρηται,

2447 5280 2528 5343 είς
2571 5278 2779 5346 Ἀσίαν,
2818 5278 2919 5349 τὴν
2973 5278 3269 5347 ’Δνατολὴν
3325 5276 3551 5350 δηλαδὴ,
3614 5278 3695 5341 εἰς
3736 5278 4040 5349 Εὐρώπην,

2449 5373 2549 5445 τὴν
2581 5371 2746 5426 Δύσιν
2784 5370 3057 5442 δηλονότι,
3090 5371 3187 5424 καὶ
3218 5371 3299 5434 είς
3327 5371 3427 5442 τὴν
3479 5370 3709 5439 Λιϐύην.
3745 5369 3827 5423 Δι’
3852 5373 3920 5443 ἢν
3954 5376 4042 5425 αξ-

2453 5468 2576 5523 τίαν
2599 5465 2773 5529 οὕτως
2801 5465 3100 5537 ὠνομάσθη
3114 5465 3349 5520 ἕκαστον
3393 5465 3582 5536 μέρος,
3615 5466 3674 5518 οὑ
3707 5464 3803 5518 τοῦ
3835 5467 4043 5538 παρόν-

2455 5578 2548 5627 τος
2572 5559 2756 5630 λέγειν
2811 5560 3036 5629 καιροῦ.
3076 5558 3145 5613 At
3195 5554 3290 5613 οὖν
3319 5558 3588 5627 τέσσαρες
3624 5557 3863 5629 μεγάλαι
3888 5558 4044 5626 βασι-

2456 5656 2620 5719 λεῖαι,
2649 5653 2715 5717 ac
2750 5652 3054 5725 προείρηκε
3112 5652 3403 5723 προφήτης
3430 5649 3654 5721 Δανιὴλ,
3690 5649 3749 5702 σί
3797 5650 3902 5720 μιν
3949 5650 4046 5704 δύο

2455 5748 2754 5817 γεγόνασιν
2787 5748 2847 5799 ὲν
2902 5747 2970 5815 τῇ
3018 5744 3196 5815 ⁹Ασίᾳ,
3255 5745 3289 5812 ἡ
3350 5744 3547 5815 πρώτη
3604 5742 3808 5816 δηλαδὴ
3840 5743 3874 5812 ἠ
3933 5742 4045 5795 τῶν

2458 5839 2821 5896 Βαὸυλωνίων
2874 5836 2971 5891 καὶ
3008 5837 3314 5908 Ἀσσυρίων
3344 5838 3437 5893 καὶ
3469 5835 3692 5906 Μήδων,
3735 5836 3887 5906 καὶὴ
3923 5837 4045 5907 μετ’
