4168 6456
182 411 325 474 1085

1275 416 1593 475 NOTITIA
1637 415 2385 476 PATRIARCHATUUM.

3330 409 3469 477 1086

178 521 357 591 αὐτὴν
386 522 442 575 δὲ
476 521 679 593 ὑστέρα
735 523 900 592 ήτσῖιν
933 524 1185 593 Περσῶν.
1221 526 1282 576 ΛΞ
1324 527 1380 578 δὲ
1403 526 1563 580 ἄλλαι
1594 527 1687 577 δύο
1713 530 1771 577 ἐν

1885 526 2084 593 reliqua
2122 526 2228 578 duo
2260 527 2311 579 in
2351 524 2585 595 Europa,
2614 524 2832 579 tertium
2854 523 3045 579 ordine
3088 522 3467 585 Macedonum,

176 617 245 680 τῇ
280 613 603 685 Εὐρώπῃ,ή
638 616 819 685 τρίτη,
855 617 1060 687 δηλαδὴ
1094 619 1127 687 ή
1155 619 1264 669 τῶν
1302 620 1657 683 Μακεδόνων,
1685 621 1780 673 καὶ

180 706 213 772 ἡ
255 708 496 777 τετάρτη
565 709 656 759 καὶ
716 709 1027 773 τελευταία,
1089 712 1294 780 μείζων
1349 714 1569 766 πάντων
1605 715 1778 782 ἡτῶν

190 797 510 865 Ῥωμαίων.
570 800 832 866 Γεγόνασι
881 801 937 853 δὲ
994 803 1088 853 καί
1154 804 1213 855 ἐν
1243 803 1529 872 διαφόροις
1568 804 1778 877 χώραις

179 890 443 956 μέγισται
482 890 777 959 βασιλεῖαι,
809 894 901 944 καὶ
930 895 1229 963 τοπαρχίαι
1287 897 1537 965 μερικαὶ,
1590 897 1666 959 ώς
1723 898 1781 948 ὲν

176 982 447 1053 Αἰγύπτῳ
487 985 581 1037 καὶ
631 987 687 1035 ἐν
730 986 1152 1055 Ἰεροσολύμοις,
1195 988 1291 1040 καὶ
1356 990 1415 1039 ἐν
1462 990 1643 1051 ἄλλοις
1665 990 1777 1043 τισὶ

180 1078 395 1137 τόποις.
440 1078 591 1129 Ἐπεὶ
617 1078 822 1138 τοίνυν,
844 1080 936 1129 τοῦ
968 1081 1176 1149 Κυρέου
1202 1082 1293 1133 καὶ
1329 1083 1585 1153 Σωτῆρος
1620 1083 1779 1153 ἡμῶν

192 1171 378 1237 Ἰησοῦ
419 1173 659 1240 Χριστοῦ
711 1175 1066 1241 γεννηθέντος
1111 1178 1169 1228 ὲν
1220 1178 1297 1246 τῷ
1346 1180 1778 1249 τεσσαρακοστῷ

179 1265 427 1333 δευτέρῳ
466 1266 579 1316 ἔτει
611 1266 712 1334 τῆς
739 1266 1019 1335 βασιλείας
1045 1270 1356 1336 Αὐγούστου
1383 1272 1663 1344 Καίσαρος
1684 1275 1779 1329 τοῦ

182 1356 412 1425 πρώτου
447 1362 895 1429 μοναρχήσαντος
949 1362 1008 1413 ὲν
1057 1360 1271 1434 Ῥώμῃ,
1306 1366 1402 1417 καὶ
1435 1368 1615 1419 πᾶσαν
1645 1367 1781 1421 ἀπο-

178 1449 547 1517 γραψαμένου
569 1450 668 1519 τὴν
692 1453 1039 1523 οἰκουμένην,
1064 1456 1158 1507 καὶ
1186 1456 1437 1524 μετὰτήν
1461 1456 1556 1509 τοῦ
1573 1457 1778 1529 Κυρίου

177 1544 263 1604 εἰς
296 1544 563 1609 οὐρανοὺς
590 1543 857 1613 ἀνάληψιν
888 1547 936 1598 oi
998 1551 1298 1615 σοςρώτατοι
1325 1550 1612 1603 ἀπόστολοι
1632 1552 1780 1606 ἄπα-

179 1651 288 1685 σαν
314 1637 693 1705 περιέδραμον
731 1638 831 1707 τὴν
862 1640 1218 1710 οἰκουμένην,
1273 1644 1369 1695 καὶ
1424 1644 1524 1714 τὴν
1574 1646 1778 1715 εὐσεϐῆ

179 1728 282 1777 καὶ
303 1728 569 1797 ἀληθινὴν
596 1731 781 1782 πίστιν
823 1733 903 1794 είς
951 1731 1160 1802 ταύτην
1222 1736 1499 1805 ἐκήρυξαν
1529 1754 1543 1770 °
1576 1738 1682 1791 ἔδει
1723 1740 1781 1793 δὲ

178 1821 407 1881 πάντως
438 1821 513 1889 μή
547 1822 713 1891 μέχρι
738 1823 836 1891 τῆς
869 1824 1049 1876 αὐτῶν
1080 1825 1267 1896 βιοτῆς
1297 1828 1363 1881 τὰ
1392 1828 1493 1895 τῆς
1533 1830 1775 1894 πίστεως
1811 1867 1855 1924 Β

178 1911 631 1980 περιορισθῆναι,
664 1913 801 1966 ἀλλά
838 1918 1003 1985 μέχρι
1042 1918 1361 1982 συντελείας
1397 1921 1606 1991 χρόνων
1639 1923 1775 1977 αἰῶ·-

179 2020 272 2063 νος
310 2004 522 2072 ταύτην
582 2004 884 2073 ἀκλόνητον
938 2008 1240 2077 διαμεῖναι,
1274 2012 1368 2063 καὶ
1437 2013 1777 2085 συντηρῆσαι

180 2093 341 2161 παρὰ
374 2102 485 2148 τῶν
509 2096 638 2159 τοὺς
669 2098 896 2151 ἐκείνων
949 2100 1356 2171 διαδεξαμένων
1387 2105 1612 2176 θρόνους
1639 2124 1653 2139 ’
1688 2106 1779 2162 διὰ

177 2186 346 2238 τοῦτο
372 2188 474 2251 τὰς
512 2189 700 2258 χώρας
764 2195 1186 2265 περιερχόμενοι
1234 2198 1574 2263 ἐπισκόπους
1622 2201 1778 2254 καθί-

182 2295 329 2329 στων
382 2281 442 2332 ἐν
475 2281 704 2346 ταύταις
759 2285 960 2353 ἄνδρας
994 2289 1217 2350 ἱκανοὺς
1249 2291 1343 2343 καὶ⁵
1391 2297 1643 2358 πιστοὺς,
1681 2294 1779 2349 καὶ

182 2374 545 2439 ἀξιοπίστους
576 2378 668 2428 ὲπὶ
693 2380 878 2431 πᾶσαν
932 2380 1214 2452 θεοπρεπῆ
1248 2384 1552 2441 πολιτείαν.
1583 2387 1779 2441 Τοίνυν

184 2470 281 2519 καὶ
329 2471 358 2521 6
393 2469 570 2538 μέγας
620 2472 921 2535 ἀπόστολος
972 2475 1201 2545 Πέτρος.
1284 2477 1392 2547 πρὸ
1452 2480 1561 2532 τῶν
1605 2481 1780 2536 ἄλλων

181 2564 422 2615 ἐθνικῶν
452 2565 663 2618 πόλεων
692 2565 927 2635 πρώτων
971 2570 1389 2625 πιστευσάντων
1420 2573 1529 2626 τῶν
1557 2577 1612 2627 ὲν
1657 2578 1779 2629 ’Δν-

180 2657 401 2728 τιοχείᾳ
459 2662 524 2728 τῇ
574 2660 675 2729 τῆς
727 2662 929 2734 Κοίλης
956 2664 1157 2733 Συρίας
1185 2666 1413 2735 δηλαδὴ,
1444 2670 1690 2740 προῆρχε
1719 2671 1776 2724 δὲ

184 2748 327 2819 αὕτη
360 2753 557 2805 πασῶν
586 2754 695 2806 τῶν
719 2756 777 2807 ἐν
812 2760 875 2826 τῇ
923 2757 1081 2828 Ἀσία
1131 2760 1225 2811 καὶ
1260 2761 1518 2833 ’Δνατολῇ
1544 2764 1776 2831 πόλεων,

196 2841 538 2913 Ἐκκλησίαν
582 2846 918 2916 πηξάμενος,
969 2853 1063 2903 καὶ
1105 2852 1221 2904 ἀντ’
1253 2852 1423 2907 αὑτοῦ
1474 2855 1779 2911 ἐπίσκοπον

187 2936 244 2987 ἐν
279 2936 423 3006 αὐτῇ
482 2937 574 2990 τὸν
623 2939 819 2992 Εὔοδον
858 2946 1250 3014 χειροτονήσας
1303 2946 1657 3017 ἀπεδήμησεν
1698 2952 1780 3012 εἰς

199 3028 423 3099 Ῥώμην
450 3030 551 3101 τὴν
596 3032 843 3101 βασιλίδα
882 3037 1005 3087 τότε
1046 3038 1235 3091 πασῶν
1270 3039 1380 3091 τῶν
1413 3040 1647 3106 πόλεων,
1674 3043 1778 3114 τήν

188 3123 626 3195 προκαθημένην
681 3127 872 3179 πασῶν
930 3130 1039 3180 τῶν
1097 3133 1193 3199 τῆς
1235 3131 1507 3203 Εὐρώπης
1546 3134 1777 3203 πόλεων,

1883 627 2135 686 quartum
2169 628 2224 672 et
2274 618 2520 672 ultimum
2550 629 2606 674 et
2646 618 2889 674 omnium
2917 633 3081 685 quam
3125 618 3361 678 maxime
3390 619 3475 673 in-

1883 724 2019 776 gens
2078 710 2467 764 Romanorum.
2502 711 2676 766 Fuere
2703 712 2867 772 etiam
2902 710 2956 764 in
2996 710 3116 764 aliis
3162 709 3472 780 regionibus

1883 802 2119 855 maxima
2176 818 2340 872 regna
2394 811 2448 857 et
2500 801 2848 871 particularia
2905 801 3143 856 dominia
3184 800 3352 855 veluti
3414 802 3469 854 in

1882 894 2133 965 Egypto,
2170 894 2577 967 Hierosolymis,
2620 904 2671 948 et
2728 896 2848 949 aliis
2874 896 3008 950 locis
3039 911 3054 948 :
3081 904 3469 949 verumtamen

1883 985 2113 1040 Domino
2169 996 2221 1041 et
2253 987 2540 1041 Salvatore
2564 996 2749 1041 nostro
2769 985 2897 1041 Jesu
2922 986 3138 1041 Christo
3186 996 3309 1039 nato
3329 1002 3474 1039 anno

1882 1079 2302 1148 quadragesimo
2360 1080 2602 1135 secundo
2651 1080 2863 1149 imperii
2928 1079 3159 1147 Augusti
3214 1078 3473 1139 Caesaris.

1884 1173 1973 1240 qui
2003 1175 2209 1241 primus
2236 1174 2477 1226 omnium
2516 1182 2571 1227 et
2597 1170 2748 1227 solus
2777 1171 3061 1226 arbitrium
3099 1172 3248 1227 orbis
3288 1170 3479 1225 Romae

1884 1264 2076 1327 tenuit,
2108 1273 2162 1317 et
2198 1264 2505 1316 universum
2553 1272 2818 1316 terrarum
2853 1260 3041 1315 orbem
3060 1262 3390 1330 descripsit,
3422 1271 3479 1315 et

1884 1365 2002 1425 post
2034 1355 2177 1409 illius
2233 1355 2614 1410 ascensionem
2668 1356 2721 1409 in
2758 1355 2947 1418 ctelos,
2976 1354 3348 1423 cumapostoli
3385 1370 3477 1408 sa-

1882 1446 2207 1515 pientissimi
2233 1457 2406 1502 totum
2437 1448 2625 1501 orbem
2656 1456 3062 1519 peragrassent,
3094 1462 3281 1501 veram
3304 1449 3481 1517 piam-

1882 1555 1987 1609 que
2043 1541 2201 1595 ﬁdem
2260 1558 2357 1612 per
2409 1555 2534 1596 eum
2592 1541 2982 1611 divulgarunt;
3017 1556 3141 1597 cum
3175 1555 3305 1595 vero
3331 1550 3480 1596 esset

1885 1651 2109 1690 necesse
2156 1651 2344 1690 eorum
2378 1636 2503 1691 vita:
2554 1635 2786 1690 termino
2817 1649 2905 1689 res
2942 1635 3066 1688 ﬁdei
3098 1649 3203 1688 nou
3236 1634 3479 1688 circum-

1882 1725 2068 1792 scribi,
2098 1726 2196 1781 scd
2259 1727 2326 1780 ad
2361 1727 2891 1781 consummationem
2928 1739 3100 1795 usque
3143 1725 3326 1779 saeculi
3357 1740 3476 1780 eam

1886 1816 2263 1871 inconcussam
2290 1830 2610 1888 permanere
2635 1824 2689 1870 et
2715 1815 2796 1870 sic
2829 1814 3145 1870 conservari
3171 1814 3241 1868 ab
3289 1827 3479 1868 eorum

1883 1908 2312 1974 successoribus,
2345 1916 2628 1978 propterea
2662 1907 2828 1963 urbes
2858 1906 3285 1970 circumeuntes,
3358 1907 3481 1976 epi-

1884 2021 2079 2075 scopos
2114 2006 2165 2060 in
2199 2005 2305 2059 illis
2333 2005 2612 2068 creabant,
2640 2003 2791 2058 viros
2819 2001 3147 2058 sufﬁcientes
3178 2012 3232 2057 et
3263 2002 3472 2068 ﬁdeles,

1881 2108 1937 2155 et
1966 2114 2104 2169 quos
2157 2100 2280 2154 vita:
2310 2099 2618 2155 institutum
2647 2097 2891 2152 divinum
2930 2095 3157 2165 reliquis
3190 2108 3475 2150 commen-

1884 2192 2106 2248 dabant.
2166 2191 2514 2262 Quapropter
2567 2199 2622 2245 et
2689 2204 2920 2261 magnus
2969 2188 3249 2259 apostolus
3284 2185 3481 2242 Petrus

1883 2302 2029 2352 cum,
2088 2297 2216 2340 ante
2267 2285 2404 2340 alios
2465 2283 2717 2355 gentiles,
2778 2282 2961 2353 primi,
3004 2282 3095 2353 qui
3135 2282 3481 2335 Antiochiam

1884 2377 2143 2433 tenebant
2174 2391 2291 2447 qua:
2312 2377 2367 2432 in
2390 2375 2732 2448 Coele-Syria
2764 2385 2869 2441 est,
2915 2375 3298 2440 credidissent,
3323 2375 3484 2443 (prae-

1884 2472 2113 2527 cellebat
2155 2471 2299 2526 enim
2353 2470 2442 2525 illa
2496 2470 2723 2542 reliquis
2774 2469 2994 2526 Asianis
3014 2477 3068 2524 et
3096 2467 3474 2524 Orientalibus

1886 2565 2138 2634 urbibus)
2200 2564 2251 2618 in
2313 2579 2379 2619 ea
2431 2562 2727 2618 Ecelesiam
2765 2561 3020 2625 l‘undans,
3051 2570 3105 2616 et
3156 2561 3278 2616 loco
3308 2561 3392 2617 sui
3423 2561 3479 2616 in

1884 2659 1999 2727 ipsa
2060 2657 2244 2712 Evodo
2294 2657 2347 2710 in
2406 2656 2777 2725 episcopatum
2832 2663 3103 2723 promoto,
3152 2654 3381 2709 Romam
3414 2668 3481 2709 eo

1886 2761 2129 2821 tempore
2182 2750 2515 2821 reliquarum
2538 2750 2756 2804 urbium
2806 2749 3106 2822 principem
3136 2758 3190 2803 et
3215 2763 3325 2816 pra:
3356 2746 3483 2804 aliis

1885 2843 2116 2913 Europa:
2169 2830 2395 2898 urbibus
2454 2842 2841 2911 conspicuam,
2891 2841 3262 2913 progreditur,
3297 2839 3484 2909 ibique

1886 2942 2188 2996 Ecclesiam
2232 2941 2471 3011 erigens.
2523 2940 2719 2994 Linum
2786 2939 3097 3009 episcopum
3170 2938 3475 2993 constituit.

1887 3034 1990 3087 Alii
2041 3042 2286 3098 narrant,
2344 3034 2539 3087 ibidem
2586 3031 2783 3086 Linum
2823 3032 3122 3092 invenisse,
3158 3042 3321 3083 antea
3348 3045 3376 3083 a
3411 3030 3479 3084 Ι).

1884 3124 2054 3179 Paulo
2103 3126 2153 3179 in
2187 3125 2500 3195 episcopum
2536 3134 2865 3196 promotum,
2906 3139 3138 3193 eumque
3170 3123 3478 3192 excepisse,

189 3216 356 3266 κάκεῖ
402 3216 736 3287 Ἐκκλησίαν
772 3221 1110 3290 πηξάμενος,
1139 3226 1232 3277 καὶ
1256 3227 1346 3277 τὸν
1371 3227 1527 3279 Αἶνον
1558 3230 1615 3281 ὲν
1640 3228 1781 3300 αὐτῇ

1889 3233 2008 3293 post
2030 3232 2257 3276 mortem
2284 3220 2647 3292 LiniXystum
2680 3221 2731 3275 in
2766 3220 3083 3290 episc0pum
3112 3220 3475 3291 promovisse,

187 3306 495 3360 ἐπίσκοπον
523 3315 871 3381 καταστήσας
897 3331 909 3342 ·
939 3314 1014 3378 ὡς
1034 3316 1090 3367 δέ
1124 3318 1269 3380 τινές
1294 3335 1475 3385 φασιν,
1510 3321 1591 3373 ὃτι
1613 3322 1782 3393 εὐρηο

189 3394 303 3457 κὼς
366 3398 458 3450 τὸν
481 3400 641 3451 Λίνον
678 3402 777 3472 ήδη
809 3408 1269 3473 προκαταστάντα
1308 3410 1463 3478 παρὰ
1490 3410 1587 3463 τοῦ
1621 3413 1781 3480 ἁγίου

192 3489 433 3548 Παύλου,
478 3492 576 3543 καὶ
624 3494 817 3546 τοῦτον
886 3498 1311 3568 ἀποδεξάμενος,
1381 3504 1519 3571 μετά
1550 3504 1781 3559 θάνατον

189 3581 285 3631 τοῦ
319 3584 507 3647 Λίνου,
541 3585 629 3637 τὸν
676 3587 868 3641 Ξίστον
923 3591 1225 3645 ἐπίσκοπον
1268 3597 1629 3668 κατέστησεν,
1662 3596 1782 3654 εἶτα

194 3673 317 3740 μετ’
340 3675 555 3729 ἐκεῖνον
583 3677 676 3730 τὸν
703 3680 1019 3748 Κλήμεντα.
1061 3685 1169 3736 Καὶ
1205 3684 1377 3749 οὕτως
1436 3690 1494 3741 ἐν
1519 3694 1632 3753 τοῖς
1658 3692 1780 3745 δυσὶ

197 3763 392 3832 μέρεσι
418 3766 514 3817 τοῦ
547 3768 753 3834 κόσμου
785 3773 851 3839 τῇ
899 3771 1055 3842 Ἀσίᾳ
1078 3773 1279 3843 δηλαδὴ
1312 3778 1407 3828 καὶ
1429 3779 1499 3849 τῇ
1540 3779 1781 3852 Εὐρώπῃ

192 3853 249 3901 ὲν
276 3857 401 3915 ταῖς
430 3858 797 3925 προεχούσαις
825 3859 1015 3913 πόλεσι
1047 3862 1266 3931 πρῶτος
1291 3865 1456 3928 αὐτὸς
1476 3869 1785 3939 ἐπισκοπή-

195 3961 318 4007 σας,
350 3948 446 3997 καὶ
476 3949 596 3999 ἀντ’
624 3950 791 4002 αὐτοῦ
842 3952 1037 4015 ἄλλους
1094 3957 1469 4025 καταστήσας,
1500 3959 1784 4026 ἐφρόντισε

190 4040 287 4091 καὶ
317 4038 395 4107 τῷ
426 4040 601 4110 ἑτέρῳ
624 4042 795 4112 τρίτῳ
832 4044 986 4114 μέρει
1012 4044 1111 4114 τῆς
1142 4050 1471 4121 οἰκουμένης
1505 4055 1571 4122 τῇ
1606 4052 1783 4124 Λιϐύῃ

191 4132 608 4201 ἐγκαταστῆσαι
660 4136 781 4187 τινὰ
828 4137 1145 4190 ἐπίσκοπον.
1177 4142 1285 4192 Καὶ
1347 4142 1408 4211 δὴ
1459 4144 1523 4196 ὲκ
1563 4145 1785 4216 Ῥώμης

194 4222 406 4275 στέλλει
436 4225 516 4287 είς
567 4228 864 4295 Αἴγυπτον,
901 4233 995 4281 καὶ
1039 4232 1457 4304 Ἀλεξάνδρειαν
1508 4238 1609 4308 τὴν
1649 4256 1785 4309 προ-

188 4314 515 4382 καθημένην
549 4318 728 4388 πάσης
764 4320 992 4391 Λιϐύης,
1031 4324 1121 4376 τὸν
1146 4326 1448 4379 ἀπόστολον
1502 4330 1595 4382 καὶ
1620 4333 1787 4399 εὐαγ-

190 4408 452 4477 γελιστὴν
509 4411 855 4479 Μάρκον,ὃς,
896 4415 990 4466 καὶ⁴
1030 4419 1110 4477 εἰς
1153 4416 1559 4489 Ἀλεξάνδρειαν
1595 4424 1786 4491 ἀφικό-

193 4516 382 4565 μενος,
424 4502 520 4552 καὶ
562 4503 893 4574 Ἐκκλησίαν
943 4508 1286 4576 πηξάμενος.
1331 4514 1515 4566 πᾶσαν
1572 4517 1783 4588 Λιϐύην

191 4592 487 4658 ἐφώτισεν.
535 4596 699 4649 Ἀλλά
762 4601 855 4651 καὶ
881 4602 929 4653 οί
965 4601 1143 4655 λοιποὶ
1172 4605 1460 4659 ἀπόστολοι
1503 4612 1781 4681 πανταχοῦ

192 4688 559 4755 πορευόμενοι
584 4691 676 4741 καὶ
708 4692 1079 4761 κηρύσσοντες
1133 4698 1469 4762 ἐπισκόπους
1505 4702 1786 4758 καθίστων

190 4781 248 4831 ἐν
293 4781 506 4851 ἑκαστῃ
560 4782 734 4848 πόλει,
772 4787 853 4847 εἰς
904 4785 970 4855 ἥν
1016 4789 1401 4860 περιήρχοντο.
1435 4792 1584 4855 Τέως
1615 4794 1707 4849 οὖν
1736 4797 1803 4861 οί¹

190 4874 523 4940 προέχοντες
586 4870 729 4943 ἦσαν
763 4879 812 4928 οί
848 4880 1248 4949 προειρημένοι
1279 4886 1451 4953 τρεῖς,
1485 4886 1513 4937 6
1543 4885 1644 4955 τῆς
1694 4890 1787 4941 'A-

191 4962 335 5021 σῖας,
390 4960 560 5029 ἤγουν
607 4963 901 5035 Ἀνατολῆς
920 4969 1123 5035 πάσης,
1156 4970 1184 5021 6
1228 4972 1588 5043 Ἀντιοχείας,
1618 4979 1646 5030 6
1682 4979 1782 5045 τῆς

194 5053 489 5122 Εὐρώπης,
548 5055 716 5123 ἤγουν
745 5057 843 5126 τῆς
866 5058 1103 5123 Δύσεως,
1152 5065 1180 5115 6
1225 5063 1464 5137 Ῥώμης,
1501 5071 1595 5122 καὶ
1625 5074 1653 5125 ό
1679 5074 1777 5144 τῆς

187 5145 421 5212 Λιούπς,
460 5147 960 5239 ὀῌἌλεξανδρείας,
1018 5154 1107 5216 ὑφ’
1139 5156 1205 5225 ἦν
1241 5159 1336 5211 καὶ
1368 5161 1400 5230 ἡ
1438 5162 1773 5239 Παλαιστίνη

1886 3327 1939 3367 et
1966 3324 2088 3383 post
2112 3314 2343 3385 Syxtum
2389 3314 2746 3369 Clementem.
2794 3314 2859 3368 Et
2889 3314 2992 3367 hac
3023 3313 3230 3367 ratione
3260 3313 3312 3367 in
3342 3313 3480 3367 dua-

1889 3410 1990 3463 bus
2056 3408 2302 3477 partibus
2354 3408 2617 3472 universi,
2672 3407 2798 3461 Asia
2860 3420 3052 3475 nempe
3075 3413 3130 3461 et
3163 3404 3396 3474 Europa,
3421 3404 3475 3457 in

1888 3499 2165 3569 primariis
2224 3499 2451 3552 urbibus
2526 3499 2731 3567 primus
2803 3498 2919 3565 ipse
2968 3495 3204 3566 episcopi
3253 3511 3477 3551 munere

1889 3590 2129 3655 functus,
2187 3600 2241 3643 et
2266 3590 2349 3644 sui
2388 3591 2507 3644 loco
2552 3590 2692 3643 alios
2730 3588 3038 3651 instituens,
3070 3588 3123 3641 in
3152 3587 3309 3642 tertia
3343 3602 3478 3657 quo-

1886 3698 1992 3751 que
2046 3691 2220 3749 parte,
2285 3679 2458 3751 Libya
2516 3693 2730 3749 nempe,
2785 3679 3019 3749 aliquem
3042 3679 3357 3748 episcopum
3388 3677 3473 3732 fa-

1887 3790 2011 3829 ccre
2043 3776 2095 3827 in
2128 3774 2310 3828 animo
2332 3775 2472 3831 ﬁxit.
2504 3772 2686 3839 Quare
2716 3771 2887 3827 Roma
2915 3770 3079 3825 mittit
3101 3771 3153 3824 in
3176 3769 3472 3840 Egyptum

1887 3881 1941 3924 et
1996 3870 2407 3930 Alexandriam.
2456 3870 2721 3923 universae
2750 3867 2931 3940 Libyae
2966 3868 3240 3923 civitatem
3272 3867 3477 3937 prima-

1887 3970 2046 4034 riam,
2105 3968 2344 4023 Marcum
2400 3969 2706 4035 apostolum
2761 3975 2816 4021 et
2880 3966 3290 4037 evangelislam,
3378 3968 3471 4036 qui

1888 4058 2276 4113 Alexandriam
2358 4072 2701 4127 progressus,
2776 4057 2845 4111 ibi
2932 4056 3155 4111 fundata
3212 4055 3472 4123 Ecclesia,

1888 4164 2104 4204 omnem
2142 4147 2369 4217 Libyam
2392 4148 2743 4204 illuminavit.
2773 4146 2877 4203 Sed
2914 4160 2967 4203 et
2995 4149 3185 4217 reliqui
3222 4149 3474 4218 apostoli,

1888 4256 2212 4311 quacunque
2258 4241 2568 4309 gradientes
2593 4248 2647 4295 et
2675 4240 3022 4311 Evangelium
3067 4243 3472 4310 annuntiantes,

1890 4340 1944 4388 in
2003 4333 2233 4403 singulis
2265 4333 2602 4397 civitatibus,
2651 4333 2716 4387 ad
2741 4348 2876 4403 quas
2906 4333 3190 4402 pervenire
3219 4334 3478 4400 contigis-

1890 4434 1997 4492 set,
2062 4425 2346 4495 episcopos
2375 4424 2657 4479 crcabant.
2713 4424 2909 4477 Verum
2944 4423 3149 4493 primas
3190 4435 3315 4478 ante
3346 4424 3479 4478 alios

1888 4518 2207 4572 obtinebant
2258 4528 2366 4570 tres
2421 4515 2689 4585 praedicti;
2745 4517 2796 4570 in
2847 4516 3000 4581 Asia,
3035 4515 3255 4572 Oriente
3286 4532 3479 4587 nempe

1890 4610 2165 4671 universo,
2216 4607 2632 4673 Antiocheuus;
2669 4607 2723 4661 in
2754 4608 2990 4678 EurOpa,
3041 4610 3334 4664 Occidente
3367 4610 3477 4665 sci-

1886 4702 2032 4766 licet,
2069 4700 2383 4768 llomanus;
2416 4710 2471 4755 et
2499 4701 2551 4755 in
2590 4699 2761 4771 Libya
2789 4701 3215 4768 Alexandrinus,
3246 4702 3347 4756 sub
3370 4717 3478 4770 quo

1885 4807 2004 4854 erat
2055 4795 2344 4851 Palaestina
2390 4797 2612 4861 omnis;
2646 4798 2700 4852 in
2730 4813 2835 4867 qua
2888 4797 3262 4867 Hierosolyma
3295 4798 3475 4852 locum

1887 4891 2143 4946 habebat.
2192 4888 2481 4943 Palaestina
2536 4904 2772 4959 namque
2802 4889 2971 4961 Libya
3017 4900 3124 4945 est.
3160 4889 3476 4961 Hierosoly-

1889 4985 1992 5038 mis
2043 4997 2175 5036 vero
2225 4981 2514 5051 episcopus
2568 4992 2707 5045 erat,
2733 4981 2824 5051 qui
2878 4982 3256 5037 aDominoibi
3292 4981 3474 5037 fuerat

1891 5086 2191 5149 promotus,
2251 5076 2442 5131 beatus
2466 5074 2698 5131 Jacobus
2724 5076 3019 5146 apostolus,
3042 5076 3208 5132 frater
3238 5077 3470 5134 Domini.

1886 5171 2064 5237 Quare
2091 5178 2145 5222 et
2170 5167 2544 5237 Hierosolyma
2582 5167 2696 5238 ipsa
2728 5170 2831 5224 sub
2860 5168 3025 5241 Libya
3060 5180 3200 5225 erat.

194 5240 373 5334 πᾶσα,
397 5242 457 5290 ἐν
552 5241 619 5293 τὰ
670 5239 1017 5315 Ἰεροσόλυμα
1046 5264 1060 5277 ο
1087 5248 1181 5301 καὶ
1224 5251 1256 5319 ὴ
1318 5252 1655 5329 Παλαιστίνη
1710 5232 1819 5332 γάρ
1860 5232 2039 5329 Λιϐύη
2060 5258 2231 5314 ἐστίν.
2262 5258 2352 5311 Ἐν
2386 5232 2571 5328 μὶντοι
2604 5232 2751 5323 ’τοῖς
2783 5232 3186 5334 Ἱεροσολύμοις
3244 5262 3474 5316 ἐπίσκο-

194 5348 291 5392 πος
350 5332 570 5401 ἔμεινεν
627 5337 656 5388 ὁ
703 5340 836 5406 παρ’
911 5334 1077 5392 αὐτοῦ
1146 5342 1242 5394 τοῦ
1298 5346 1506 5415 Κυρίου
1557 5354 1838 5417 καταστὰς
1873 5354 2123 5418 Exstat-1,6
2172 5350 2449 5423 μακάριος
2510 5351 2809 5416 ἀπόστολος
2862 5332 3125 5420 Ἰάκωϐος
3166 5357 3194 5408 6
3241 5356 3473 5426 ἀδελφό-

189 5434 333 5495 θεος.
370 5434 623 5487 Ἐτὲλουν
653 5435 746 5489 οὖν
782 5436 872 5488 καὶ
902 5438 968 5490 τὰ
1016 5437 1368 5511 Ἰεροσόλυμα
1402 5446 1507 5499 ὑπὸ
1546 5447 1644 5517 τὴν
1678 5450 1911 5523 Διϐύην.

260 5576 506 5644 Κατείχε
533 5574 634 5642 μὲν
664 5570 757 5627 οὖν
788 5577 816 5626 6
867 5574 1088 5646 Ῥώμης
1135 5579 1315 5631 πᾶσαν
1351 5582 1452 5652 τήν
1505 5582 1778 5657 Εὐρώπην

194 5670 361 5735 μέχρι
395 5667 505 5718 τῶν
560 5665 724 5735 ὁρίων
767 5665 995 5731 Μαζών,
1039 5670 1133 5721 καὶ
1195 5670 1431 5736 Γάλλων,
1473 5672 1774 5740 Ἱσπανίας,

192 5761 491 5829 Φραγγίας,
533 5766 626 5811 καὶ
681 5760 774 5812 τοῦ
811 5760 1107 5831 Ἰλλυρικοῦ
1140 5764 1303 5833 μέχρι
1347 5764 1618 5838 Γαδείρων
1679 5769 1776 5822 καὶ

201 5856 551 5925 Ἡρακλείων
572 5854 785 5924 στηλῶν
811 5855 1069 5909 Ὠκεανιῦ
1091 5856 1227 5921 ἔχων
1262 5856 1337 5919 si;
1368 5857 1771 5930 δυσμὰςήλίου,

1954 5582 2274 5640 Possidebat
2323 5584 2506 5653 itaque
2532 5582 2809 5640 Romanus
2837 5584 3111 5657 Europam
3152 5589 3464 5649 universam

1885 5678 1953 5730 ad
1980 5676 2215 5731 conﬁnia
2248 5690 2417 5745 usque
2436 5674 2737 5743 Mazorum,
2766 5686 2819 5732 et
2846 5676 3146 5745 Gallorum,
3176 5679 3466 5753 Hispania,

1880 5768 2146 5835 Fraucim,
2197 5778 2251 5825 et
2306 5768 2527 5840 Illyrici,
2577 5785 2745 5841 usque
2766 5773 2834 5827 ad
2892 5770 3090 5827 Gadira
3110 5784 3165 5829 et
3186 5775 3464 5834 columnas

1879 5864 2190 5930 Herculeas,
2246 5863 2520 5920 Oceanum
2574 5865 2664 5935 qui
2696 5864 2749 5920 in
2798 5879 3051 5924 occasum
3102 5869 3235 5926 solis
3266 5871 3458 5941 vergit,
