4168 6456
200 402 337 467 1089

1288 398 1605 460 ΝΟΤΙἹΙΑ
1643 398 2392 463 PATRIARCHATUUM.

3321 406 3457 477 1990

191 521 467 588 πολίταις,
494 520 610 575 ἀλλ’
636 520 789 590 αὑτῷ
814 520 892 591 τῷ
950 520 1267 591 πατριάρχη
1290 519 1652 589 Ἀντιοχείας,
1682 518 1775 573 καὶ

1881 529 1934 574 et
1963 518 2415 590 quemadmodum
2450 517 2653 589 ubique
2694 518 3043 590 metropoles,
3099 535 3195 589 per
3222 536 3279 575 se
3301 514 3471 591 capul-

191 610 333 666 εἶναι
366 614 753 682 αὑτοκέφαλοι,
782 614 858 675 ὼς
912 616 969 666 αἱ
1003 614 1191 667 λοιπαὶ
1247 611 1635 683 μητροπόλεις.
1677 610 1771 663 Διδ

191 707 289 757 καὶ
320 705 409 757 δια
437 708 495 757 τὸ
520 701 663 758 εἶναι
692 706 881 775 πρώην
932 707 1237 758 ἐπισκοπαὶ
1273 706 1375 757 οὐκ
1428 703 1647 773 ἔχουσιν
1682 700 1773 771 ὑφ’

191 799 392 858 ἑαυτὰς
444 799 801 861 ἐπισκόπους,
858 798 935 860 ὡς
988 799 1044 851 al
1094 796 1328 850 παλαιαὶ
1384 794 1771 866 μητροπόλεις.

194 891 346 943 Εξσὶν
376 886 472 943 οὖν
504 892 559 941 αἱ
589 890 733 942 ὀκτὼ
763 890 925 943 αὐταὶ
958 891 1323 961 μητροπόλεις
1351 905 1365 920 ⁶
1394 887 1464 944 α’.
1501 886 1770 959 Βηρυτοῦο

194 983 263 1050 β’.
307 983 727 1048 Ἡλιουπόλεως,
758 986 879 1054 ἥτις
940 983 1272 1053 ἀπεσπάσθη
1304 980 1398 1035 τοῦ
1429 982 1620 1054 Θρόνου
1673 983 1776 1032 Δα-

194 1073 436 1139 μασκοῦ·
460 1080 527 1140 γ’.
556 1074 901 1136 Λαοδικείας
931 1072 993 1129 δ’.
1020 1075 1130 1127 τῶν
1148 1072 1507 1142 Σαμοσατῶν.
1527 1069 1587 1124 ε’.
1616 1071 1775 1141 Μαρ-

190 1162 560 1231 τυροπόλεως“
599 1159 673 1227 ς’.
700 1162 1099 1231 Μοψουεστίας·
1136 1159 1201 1225 ζ’.
1230 1161 1458 1222 Ἀδάνας
1478 1178 1495 1194 ·
1529 1166 1599 1227 η’.
1628 1159 1776 1225 Πομ-

192 1255 358 1320 πηῖου
394 1254 625 1315 πόλεως.
658 1256 781 1307 Ἔτι
822 1254 935 1323 ἔχει
988 1257 1022 1323 ἠ
1050 1254 1357 1323 Ἀντιόχεια
1398 1252 1491 1306 καὶ
1517 1253 1773 1323 ἀρχιεπι-

194 1346 404 1406 σκοπὰς
435 1346 680 1413 μεγάλας
705 1346 868 1399 όκτώ·
899 1353 968 1400 α’.
994 1348 1097 1416 τὴν
1133 1346 1379 1415 Βέροιαν·
1417 1343 1480 1412 β’.
1506 1346 1602 1413 τὴν
1629 1343 1774 1397 Χαλ-

194 1437 404 1505 κηδόνα
432 1453 447 1465 ’
491 1445 559 1505 γ’.
594 1439 693 1510 τὴν
721 1440 1058 1506 ’Λγὰὸαλλα“
1084 1439 1145 1492 δ’.
1178 1439 1278 1509 τὴν
1325 1438 1646 1490 Σελεύκειαν
1673 1437 1775 1505 τῆς

194 1527 429 1595 Πιερίας
457 1545 471 1559 ⁸
507 1529 571 1581 ε’.
608 1531 707 1593 τὴν
736 1529 1108 1599 ’Δνασάρθην,
1159 1529 1280 1599 ἥτις
1332 1529 1426 1580 καὶ
1465 1526 1774 1595 Θεοδωρού-

191 1622 352 1683 πόλις
417 1620 685 1674 καλεῖται’
725 1619 797 1686 ς’.
840 1622 940 1687 τὴν
985 1622 1218 1674 Παλτονο
1272 1618 1338 1683 ζ’.
1381 1618 1481 1690 τὴν
1510 1621 1547 1671 Γ
1552 1617 1771 1671 αδολάνο

191 1714 265 1783 η’.
312 1713 412 1782 τὴν
472 1712 796 1781 Βαλαάμαν.
836 1714 957 1765 Ἐτι
1018 1712 1131 1779 ἔχει
1184 1712 1280 1764 καὶ
1336 1708 1775 1780 ἀρχιεπισκοπὰς

191 1804 353 1865 λιτὰς
412 1804 504 1855 καὶ
535 1801 831 1873 ἐλευθέρας
881 1802 1067 1853 πέντεο
1101 1798 1169 1855 α’.
1203 1802 1301 1871 τὴν
1356 1801 1664 1868 Σαλαμίων·
1705 1798 1771 1868 β’.

1881 620 2087 675 essent,
2137 619 2191 663 et
2242 610 2386 677 quod
2418 622 2544 665 ante
2598 621 2756 664 erant
2787 611 3128 679 episcopatus
3154 614 3330 668 nullos
3362 616 3464 667 sub

1881 718 1943 759 se
1990 703 2191 758 habent
2244 704 2549 772 episcopos,
2582 704 3032 772 quemadmodum
3087 708 3323 775 antiqua:
3351 721 3464 759 me-

1882 795 2152 863 tropoles;
2179 806 2234 849 et
2254 806 2377 850 sunt
2409 811 2635 848 numero
2664 806 2789 850 octo
2819 810 2835 850 :
2871 795 2921 860 l,
2953 794 3156 861 Bariti;
3198 797 3253 850 2.
3286 796 3466 850 lleliu-

1882 887 2090 959 poleos.
2118 902 2239 956 qua:
2262 902 2325 941 ex
2355 886 2548 940 throno
2570 885 2818 941 Damasci
2854 886 3092 941 abscissa
3114 898 3229 953 est;
3254 889 3305 943 5.
3333 889 3469 941 Lao-

1882 980 2070 1035 diceae.
2142 980 2197 1032 4.
2273 979 2705 1033 Samosatornm.
2751 980 2803 1033 5.
2875 978 3357 1050 Martyropoleos;
3408 978 3463 1033 6.

1884 1073 2241 1141 Mopsuestaa;
2305 1072 2359 1125 7.
2420 1070 2623 1126 Adana:
2648 1089 2662 1137 ;
2691 1071 2746 1125 8.
2777 1070 3245 1140 Pontpeiupoleos.
3282 1072 3466 1124 Adhuc

1883 1166 2046 1220 etiam
2074 1165 2446 1218 Antiochenus
2471 1165 2634 1219 habet
2676 1164 2927 1234 ingentes
2969 1164 3468 1232 archiepiscopatus

1883 1270 2042 1313 octo:
2080 1259 2131 1312 l.
2152 1243 2535 1323 Berrteamﬁ.
2566 1258 2963 1312 Chalcedonem
2985 1299 2998 1322 ,
3029 1257 3081 1310 5.
3115 1257 3463 1325 Agaballam;

1884 1350 1937 1404 4.
1974 1350 2275 1403 Seleuciam
2305 1347 2532 1414 Pieriae;
2586 1349 2639 1402 5.
2673 1349 3031 1402 Anasarthatn
3060 1364 3180 1415 qute
3206 1356 3257 1400 et
3286 1347 3466 1400 Theo-

1885 1442 2405 1512 dorupolisgdicitur:
2432 1442 2501 1507 6;
2531 1439 2718 1493 Polton
2749 1457 2764 1506 ;
2803 1441 2856 1494 7.
2880 1440 3172 1505 Gabulam;
3204 1440 3256 1492 8.
3281 1438 3468 1493 Balaa-

1883 1548 2048 1587 mam.
2113 1533 2316 1586 Pr:eter
2364 1533 2460 1587 hos
2504 1535 2662 1585 habet
2700 1542 2750 1585 et
2798 1531 2931 1585 alios
2972 1531 3467 1599 archiepiStOpatus

1887 1636 2073 1678 tenues
2121 1632 2174 1677 et
2216 1622 2415 1677 liberos
2449 1624 2689 1691 quiaque
2723 1640 2736 1674 :
2772 1621 2819 1674 l.
2865 1621 3195 1685 Salamiam;
3243 1620 3298 1675 2.
3335 1622 3467 1673 Ber-

1885 1732 2037 1780 cum;
2078 1716 2131 1770 5.
2166 1714 2418 1779 lihason;
2452 1716 2506 1768 4.
2538 1715 2833 1781 Agathem;
2880 1714 2934 1769 5.
2984 1713 3365 1767 Barcnsornm.
3403 1712 3466 1766 Et

1886 1809 1966 1861 hae
2015 1807 2265 1860 Ecclesia:
2296 1820 2485 1859 omnes
2534 1807 2726 1857 throno
2762 1806 3101 1858 Antiocheno
3136 1804 3461 1865 subduntur,

193 1896 296 1964 τὴν
359 1895 565 1965 Βέρκον
593 1913 605 1925 ·
633 1901 703 1964 γ’.
764 1894 865 1966 τὴν
906 1894 1110 1947 Ῥασᾶν
1143 1912 1156 1924 ·
1200 1892 1261 1947 δ’,
1296 1894 1393 1963 τὴν
1423 1892 1685 1961 Ἀγάθηνο
1716 1896 1775 1945 ε’.

1885 1898 2029 1968 quod
2060 1899 2241 1967 plures
2269 1896 2577 1967 provincias
2606 1906 2657 1949 et
2686 1896 2952 1960 civitates,
2991 1897 3173 1964 utjam
3204 1894 3461 1958 diximus,

195 1989 297 2058 τὴν
326 1988 682 2057 Bap-musto).
712 1984 883 2041 Ᾱῦται
912 1989 1010 2057 μὲν
1033 1990 1205 2040 πᾶσαι
1233 1988 1288 2039 αἱ
1320 1986 1611 2058 ἐκκλησίαι
1648 1986 1779 2038 ὑπό-

196 2096 417 2129 κεινται
457 2079 534 2145 τῷ
570 2079 745 2146 Θρόνῳ
799 2076 1168 2146 ’Δντιοχείας,
1203 2076 1291 2128 διὰ
1338 2075 1399 2128 τὸ
1443 2075 1537 2127 καὶ
1579 2073 1779 2137 πολλὰς

196 2173 471 2240 ἐπαρχίας
500 2173 593 2223 καὶ
625 2170 810 2240 χώρας
846 2172 991 2241 ἔχειν
1039 2170 1128 2238 ὑφ’
1160 2170 1380 2240 ἑαυτὴν,
1408 2169 1483 2230 ὡς
1522 2169 1787 2243 εἴπομεν.

200 2266 345 2335 Πρὸς
395 2267 501 2334 γὰρ
546 2269 610 2335 τῇ
669 2264 1070 2318 Βαϐυλῶνικαὶ
1093 2267 1159 2335 τῇ
1189 2263 1381 2330 Ἰνδίᾳ,
1419 2261 1513 2314 καὶ
1540 2264 1605 2330 τῇ
1640 2262 1780 2329 Περ-

198 2354 314 2422 σίᾳ,
347 2352 460 2423 ἔχει
482 2354 580 2423 τὴν
608 2356 878 2423 ἐπαρχίαν
913 2358 1012 2422 τῆς
1037 2354 1236 2422 Κοίλης
1260 2352 1480 2421 Συρίας,
1504 2352 1603 2421 τὴν
1628 2349 1778 2420 πρώ-

196 2463 321 2513 την,
362 2446 498 2499 ὅπου
526 2448 558 2514 ἡ
610 2447 941 2515 Ἀντιόχεια,
976 2448 1069 2498 καὶ
1100 2446 1199 2515 τὴν
1234 2448 1519 2514 δευτέραν,
1555 2443 1651 2495 καὶ
1681 2442 1778 2511 τὴν

199 2534 483 2599 Κιλικίαν,
518 2536 610 2587 καί
645 2536 741 2603 τὴν
779 2535 1073 2604 Ὶσαυρίαν,
1105 2535 1203 2603 τὴν
1235 2534 1331 2586 καὶ
1381 2534 1651 2602 ἐπαρχίαν
1680 2532 1779 2583 Εὑ-

197 2629 538 2696 φρατησίας,
572 2626 669 2679 καὶ
708 2627 1128 2694 Ἀγιουπόλεως,
1164 2624 1379 2693 καὶτῆς
1409 2623 1779 2691 Θεοδωριάδος

196 2718 299 2785 τῆς
326 2715 631 2784 Ὀσροηνῆς
675 2716 773 2784 τῆς
815 2715 1245 2782 Μεσοποταμίας
1281 2751 1295 2775 ,
1374 2713 1492 2782 ἦτοι
1540 2713 1776 2780 τετάρτη

209 2809 503 2878 Ἀρμενία,
540 2810 633 2861 καὶ
659 2810 728 2860 τὰ
763 2808 1019 2877 μεθόρια,
1048 2807 1145 2858 καὶ
1179 2806 1302 2868 τοὺς
1333 2805 1495 2876 ὄρους
1550 2804 1774 2875 Συρίας,

196 2902 296 2954 καὶ
323 2902 583 2971 Περσίας.
612 2902 734 2953 Ἐτι
758 2901 923 2953 δὲκαὶ
949 2902 1143 2969 ἐτέρας
1168 2901 1438 2970 ἐπαρχίας
1456 2900 1775 2966 διαφόρους,

195 2998 291 3046 καὶ
325 2994 569 3060 κλίματα
612 2993 711 3045 οὐκ
768 2993 943 3059 ὀλίγα.
996 2995 1233 3063 Κατεῖχε
1271 2993 1326 3043 δὲ
1380 2991 1648 3061 πρότερον
1675 2989 1777 3051 ἕως

195 3087 293 3155 τῆς
336 3087 684 3155 Χαλκηδόνος
713 3085 814 3154 τῆς
881 3086 1151 3151 ἀντίπερα
1181 3083 1277 3135 τοῦ
1324 3083 1646 3146 Βυζαντίου,
1677 3080 1777 3148 τῆς

196 3179 295 3230 νῦν
337 3178 992 3238 Κωνσταντινουπόλεως,
1026 3176 1126 3244 τῆς
1183 3177 1239 3227 ἐν
1298 3176 1362 3244 τῇ
1424 3174 1774 3243 Προποντίδι,

1882 1992 1981 2047 sub
2025 2006 2083 2045 se
2136 1991 2460 2044 contineret.
2525 1987 2769 2057 Namque
2821 1999 3018 2056 przeter
3047 1988 3374 2056 Babylonem
3409 1997 3465 2042 et

1878 2081 2083 2135 lndiam
2130 2088 2185 2133 et
2220 2077 2485 2141 Persiam,
2538 2077 2699 2130 habet
2732 2079 2892 2130 etiam
2949 2076 3114 2131 leaa
3147 2077 3317 2147 Syriae
3339 2092 3465 2146 pro-

1880 2171 2112 2224 vinciam
2166 2168 2424 2240 primam,
2477 2167 2531 2221 in
2586 2182 2690 2235 qua
2750 2166 3037 2222 Antiochia
3106 2168 3211 2221 sita
3275 2178 3465 2233 cst,ct

1880 2264 2201 2325 secundam,
2246 2272 2299 2314 et
2353 2261 2620 2321 Ciliciam.
2680 2270 2733 2314 et
2783 2260 3067 2325 Isauriam,
3102 2276 3222 2331 quae
3253 2271 3333 2314 est
3361 2262 3466 2315 Eu-

1881 2354 2167 2421 pbratesiae
2215 2353 2490 2420 provincia
2547 2361 2652 2417 εει,
2697 2362 2751 2405 et
2780 2351 3158 2421 llagiupoleos,
3204 2363 3258 2407 et
3288 2353 3465 2407 Theo-

1880 2443 2119 2496 doriadis
2162 2441 2419 2496 Osroena:
2477 2442 2898 2510 Mesopotamiae,
2933 2444 3046 2497 sive
3072 2456 3321 2511 quartam
3365 2448 3467 2496 Ar.

1884 2536 2113 2588 tneniam
2174 2545 2228 2587 et
2272 2535 2504 2589 conﬁnia
2566 2536 2682 2588 loca
2743 2551 2791 2589 el
2849 2536 3110 2590 terminos
3155 2536 3354 2603 Syrim,
3412 2546 3466 2591 et

1879 2626 2101 2691 Persia,
2147 2642 2244 2682 nec
2290 2642 2396 2680 non
2447 2636 2503 2681 et
2532 2627 2665 2681 alias
2694 2629 2997 2695 provincias
3027 2638 3081 2681 et
3109 2628 3376 2691 diversas,
3409 2637 3466 2681 et

1878 2718 2127 2788 regiones
2194 2718 2486 2771 admodum
2562 2719 2761 2773 multas
2812 2736 2826 2772 :
2870 2720 3121 2790 illiusque
3165 2719 3462 2774 dominium

1878 2803 2275 2860 diﬁundebalur
2326 2822 2491 2875 usque
2522 2810 2587 2860 ad
2637 2806 3056 2873 Chalcedonem,
3089 2826 3208 2879 qum
3235 2813 3463 2865 adversa

1879 2906 1965 2953 est
2000 2898 2282 2969 Byzantio,
2318 2914 2460 2955 nunc
2484 2900 2977 2971 ConstantinOpoli,
3034 2906 3086 2956 in
3138 2902 3466 2971 Propontide

1880 2992 2019 3054 sitas,
2081 2992 2264 3061 inqua
2326 2994 2471 3061 quod
2526 2994 2723 3047 dicitur
2744 2995 3044 3047 Damalium
3080 2997 3345 3049 cernitur.
3383 2994 3460 3048 lbi

1878 3083 2022 3137 enim
2069 3084 2304 3139 Damalis
2353 3086 2539 3139 bucula
2588 3100 2618 3139 e
2649 3101 2920 3142 marmore
2963 3102 3125 3155 super
3154 3086 3463 3141 columnam

1878 3175 2078 3229 stabat.
2137 3173 2262 3229 llazc
2288 3178 2468 3245 itaque
2517 3177 2697 3229 omnia
2724 3178 3096 3233 Antiochenus
3126 3178 3460 3246 possidebat.

195 3276 332 3325 ὅπου
361 3273 457 3323 καὶ
493 3271 555 3323 τὸ
581 3270 872 3338 λεγόμενον
907 3269 1178 3338 Δάμαλον.
1211 3270 1425 3320 Ἶστατο
1467 3270 1575 3337 γὰρ
1624 3265 1859 3336 δαμαλίς
1898 3285 1980 3331 τις
2014 3269 2332 3340 μαρμαρίνη
2390 3271 2574 3323 ἐπάνω
2618 3270 2797 3335 κίονος
2852 3271 3135 3343 ἱδρυμένη.
3193 3273 3462 3341 Κατεῖχεν

196 3365 289 3417 οὖν
333 3365 425 3416 καὶ
450 3365 478 3413 ὁ
512 3362 843 3431 Ἀντιοχείας
871 3362 1047 3414 ταῦτα
1078 3362 1280 3414 πάντα.

279 3458 446 3509 Ἀλλὰ
482 3457 577 3507 καὶ
612 3458 638 3507 ό
684 3453 1094 3524 Ἀλεξανδρείας
1130 3456 1388 3523 κατεῖχεν
1425 3453 1646 3505 ἃπασαν
1674 3451 1773 3523 τὴν

1950 3453 2344 3508 Alexandrinus
2383 3455 2547 3508 etiam
2597 3466 2763 3509 totatn
2792 3455 3018 3527 Libyam
3077 3460 3459 3526 possidebatet

196 3548 433 3616 Διϐύην,
468 3550 563 3601 καὶ
596 3547 694 3614 τὴν
727 3547 1037 3608 Αἰθιοπίαν,
1067 3547 1162 3598 καὶ
1202 3547 1305 3609 ἕως
1365 3544 1768 3615 Μαρμαρικῆς,

196 3647 291 3695 καὶ
327 3643 599 3710 Ἀφρικῆς
627 3642 968 3709 Τριπόλεως,
1015 3644 1108 3692 καὶ
1150 3643 1332 3693 πᾶσαν
1368 3641 1465 3709 τὴν
1490 3642 1771 3706 Αἴγυπτον

196 3738 293 3789 καὶ
324 3734 498 3804 αὐτὴν
525 3736 624 3802 τὴν
678 3732 1071 3802 Παλαιστίνην,
1104 3733 1233 3786 ἔνθα
1291 3733 1359 3784 τὰ
1398 3734 1766 3801 Ἰεροσόλυμα.

199 3830 355 3897 Ἔχει
383 3826 473 3879 οὖν
518 3828 611 3878 καὶ
648 3818 802 3887 οὗτος
842 3826 1114 3896 ἐπαρχίας
1162 3824 1480 3892 διαφόρους,
1522 3827 1614 3877 καὶ
1663 3842 1771 3893 μη-

196 3920 486 3991 τροπόλεις
528 3919 815 3988 δεκατρεῖς
846 3934 859 3947 ’
903 3919 1131 3986 πρώτην
1161 3918 1457 3986 ἐπαρχίαν,
1489 3918 1588 3987 τὴν
1624 3916 1774 3985 πρώ-

198 4030 295 4082 την
331 4011 669 4078 Σταμνίκης,
688 4005 791 4082 ἐνῇ
822 4010 1012 4078 πρώτη
1035 4009 1367 4079 μητορόπλις
1388 4011 1447 4063 τὸ
1475 4008 1774 4078 Πηλούσιον

197 4105 403 4173 ἔχουσα
455 4104 752 4172 διαιρόρους
809 4103 1138 4165 ὲπισκοπὰς,
1201 4100 1298 4154 καὶ
1358 4104 1459 4172 τὴν
1510 4101 1774 4169 δευτέραν

196 4198 475 4265 ἐπαρχίαν
509 4196 861 4263 Σταμνίκης,
909 4195 967 4245 ἐν
1092 4194 1425 4265 μητρόπολις
1470 4194 1697 4262 δευτέρα
1743 4194 1775 4261 ἠ

196 4287 437 4352 Λεοντὼ,
459 4286 660 4356 ἔχουσα
691 4286 989 4355 διαφόρους
1017 4287 1344 4348 ἐπισκοπὰς,
1384 4287 1478 4338 καὶ
1501 4286 1600 4354 τὴν
1627 4284 1779 4357 πρώ-

194 4403 295 4456 την
337 4384 616 4451 ἐπαρχίαν
667 4381 971 4449 Αἰγύπτου,
1021 4382 1077 4432 ἐν
1186 4383 1279 4433 καὶ
1308 4382 1338 4449 ἡ
1371 4379 1776 4451 Ἀλεξάνδρεια,

198 4478 231 4547 ἠ
269 4474 484 4544 κεφαλὴ
511 4471 721 4536 πασῶν,
748 4471 843 4522 καὶ
884 4472 980 4539 τὴν
1018 4470 1280 4541 δευτέραν
1308 4470 1579 4539 ἐπαρχίαν
1616 4471 1780 4537 Αίγύ-

197 4586 359 4634 πτου,
390 4568 486 4621 καὶ
522 4566 619 4637 τὴν
662 4564 937 4635 ἐπαρχίαν
961 4563 1284 4634 Ἀρκαδίας,
1336 4558 1448 4635 ὲνῇ
1481 4563 1639 4632 τρίτη
1676 4579 1778 4631 μηο

196 4661 456 4733 τρίπολις
529 4659 854 4728 Ὀξύρυχος,
910 4657 1107 4726 ἔχουσα
1132 4655 1439 4713 ὲπισκοπὰς
1464 4656 1778 4725 διαφόρους,

198 4756 291 4807 καὶ
320 4755 423 4818 τὴν
458 4750 718 4819 δευτέραν
760 4748 1038 4817 ἐπαρχίαν
1064 4746 1354 4815 Θηϐαΐδος,
1386 4748 1444 4796 ἐν
1551 4747 1781 4814 πέμπτη

1875 3547 2204 3616 ίΕιΙιίορὶαιη
2240 3558 2291 3602 et
2321 3547 2720 3612 Marmaricam,
2746 3566 2919 3619 usque
2942 3552 3008 3605 ad
3042 3551 3288 3619 Tripolin
3313 3552 3460 3606 Afri-

1874 3652 2089 3699 canam,
2118 3652 2217 3691 nec
2242 3654 2344 3691 non
2375 3640 2679 3693 universam
2704 3640 2995 3709 Algyptum
3026 3650 3079 3693 et
3107 3642 3453 3695 Palaestinam

1876 3730 2070 3797 ipsam,
2119 3730 2173 3782 in
2227 3745 2328 3797 qua
2379 3741 2504 3786 sunt
2569 3732 3153 3803 llierosolyma,babet
3192 3735 3373 3801 itaque
3402 3749 3456 3787 ct

1876 3821 1991 3888 ipse
2067 3823 2373 3891 provincias
2455 3824 2632 3877 varias
2679 3832 2733 3879 et
2775 3824 3102 3892 metropoles
3175 3824 3455 3878 tredecim-

1877 3909 2114 3965 Primam
2173 3913 2528 3981 provinciam,
2591 3917 2819 3983 primam
2877 3915 3167 3970 Stamnicae
3231 3917 3283 3969 in
3337 3932 3448 3986 qua

1878 4005 2049 4067 prima
2106 4005 2423 4073 metrOpolis
2468 4016 2550 4059 est
2585 4004 2879 4068 Pelusium.
2914 4005 3092 4059 varios
3143 4004 3242 4060 sub
3270 4021 3328 4059 se
3358 4006 3457 4059 ha-

1878 4098 2013 4150 bens
2048 4096 2414 4164 episcopatus,
2442 4107 2494 4151 et
2522 4100 2811 4152 secundam
2833 4098 3180 4167 lprovinciam
3217 4096 3457 4151 Stamni—

1879 4201 1954 4240 cae
1989 4186 2039 4238 in
2101 4201 2209 4255 qua
2241 4197 2325 4239 est
2374 4188 2612 4241 secunda
2651 4188 2964 4256 metropolis
2995 4186 3225 4251 Leonto,
3252 4188 3460 4244 habens

1882 4282 2128 4334 diversos
2160 4280 2534 4349 episcOpatus;
2577 4290 2631 4335 et
2657 4280 2886 4350 primam
2938 4281 3268 4349 provinciam
3294 4280 3461 4350 [Egy-

1882 4372 1979 4441 pti,
2038 4372 2222 4441 inqua
2294 4373 2621 4427 Alexandria
2662 4384 2767 4437 est,
2828 4384 3143 4427 caztcrarum
3177 4383 3376 4443 caput;
3409 4383 3462 4425 et

1882 4464 2176 4516 secundam
2238 4464 2573 4532 provinciam
2600 4463 2844 4534 Egypti,
2873 4476 2923 4518 et
2984 4466 3311 4532 provinciam
3355 4468 3461 4517 Ar—

1884 4556 2073 4621 cadiae,
2114 4558 2165 4608 in
2198 4572 2303 4624 qua
2339 4558 2493 4609 tertia
2556 4567 2641 4611 est
2688 4556 3002 4624 metropolis
3032 4556 3319 4627 Oxyricus,
3364 4557 3463 4610 hac

1884 4649 2019 4702 hens
2051 4648 2151 4701 sub
2209 4664 2267 4701 se
2301 4651 2479 4702 varios
2527 4652 2899 4719 episc0patus,
2933 4659 2987 4705 et
3014 4652 3307 4704 secundam
3342 4666 3463 4719 pro-

1885 4740 2115 4792 vinciam
2168 4738 2481 4802 Tbebaidis,
2553 4742 2605 4795 in
2670 4757 2773 4811 qua
2817 4750 2901 4797 est
2928 4744 3112 4808 quinta
3148 4742 3464 4812 metropolis

202 4863 307 4915 μητ
317 4812 543 4916 ρόππολις
569 4812 733 4896 Πτολε
745 4812 897 4909 μαῖς,
911 4812 1121 4909 ἐχουσα
1132 4812 1228 4907 ’ὑφ’
1249 4838 1447 4907 ἑαυτὴν
1550 4854 1668 4889 ισκο
1680 4812 1775 4900 πάς

1889 4829 2198 4897 Ptolemais,
2273 4833 2479 4886 habens
2514 4835 2614 4887 sub
2640 4849 2697 4887 se
2728 4834 3071 4902 episcopatus
3119 4835 3380 4899 diversos,
3411 4841 3463 4886 et

196 4940 515 5006 διαφόρους,
578 4937 671 4986 καί
740 4933 840 5000 τὴν
903 4932 1176 5001 ἐπαρχίαν
1207 4929 1435 4997 Λιὸύης,
1484 4931 1539 4981 ἐν
1578 4923 1780 5001 ᾖαῦτη

203 5028 545 5101 μητρόπολις
568 5024 813 5095 Δαρικὼ,
845 5023 1047 5093 ἔχουσα
1089 5024 1401 5086 ὲπισκοπάς
1441 5039 1616 5083 τινας.
1661 5022 1783 5074 Ἔτι

199 5122 312 5191 ἔχει
339 5120 537 5188 ἑτέραν
598 5115 1000 5187 μητρόπολινή
1043 5113 1448 5183 Ἀλεξάνδρεια,
1502 5113 1599 5166 καὶ
1635 5112 1783 5166 ἐϐδό-

202 5232 310 5284 μην
358 5213 460 5281 τὴν
493 5210 733 5281 Μὰριατ,
785 5209 881 5261 καὶ
934 5206 1130 5279 ὀγδόην
1182 5206 1283 5277 τὴν
1354 5207 1386 5258 Γ
1389 5207 1565 5259 ονέσιν
1611 5208 1668 5258 ἐν
1706 5204 1782 5273 τῷ

196 5307 412 5377 ἑϐδόμῳ
480 5305 709 5374 στόματι
762 5304 854 5357 τοῦ
891 5303 1108 5357 Νείλου.
1155 5300 1328 5355 Ἑπτὰ
1361 5301 1469 5372 γὰρ
1498 5300 1611 5370 ἔχει
1654 5298 1776 5351 στό-

202 5417 350 5471 ματα
380 5401 407 5452 ὁ
437 5396 653 5460 Νεῖλος,
688 5398 745 5448 ἐν
780 5390 861 5458 οἷς
913 5396 1096 5457 πόλεις
1161 5394 1435 5463 διάφοροι.
1469 5387 1641 5444 Αὖται
1679 5392 1778 5460 μὲν

198 5492 291 5545 οὖν
322 5490 471 5545 ὀκτὼ
535 5489 906 5559 μητροπόλεις
937 5486 1375 5557 Ἀλεξανδρείας,
1432 5485 1655 5556 ἔχουσαι
1683 5482 1779 5535 καὶ

198 5585 508 5647 ἐπισκοπὰς
564 5584 858 5654 διαφόρους
916 5582 1006 5650 ὑφ’
1062 5581 1283 5643 ἑαυτάς.
1319 5580 1439 5632 Είςὶ
1473 5578 1530 5631 δὲ
1592 5579 1779 5631 λοιπαὶ

198 5681 361 5734 πέντε
418 5676 785 5749 μητροπόλεις
846 5675 1019 5744 αὐτῆς
1071 5676 1173 5728 οὐκ
1212 5674 1432 5743 ἔχουσαι
1472 5670 1777 5732 ἐπισκοπὰς

1882 4921 2217 4990 provinciam
2274 4920 2474 4991 Libyae,
2507 4922 2560 4975 in
2618 4937 2724 4991 qua
2746 4932 2828 4976 est
2862 4924 3179 4991 metrOpolis
3209 4924 3461 4986 Darinco,

1882 5012 2087 5066 habens
2117 5012 2404 5066 nonnullos
2427 5013 2788 5081 episcOpatus.
2815 5012 3005 5066 Adhuc
3027 5013 3187 5066 habet
3216 5022 3272 5066 et
3299 5014 3460 5066 aliam

1880 5117 2205 5186 metropolin
2258 5117 2676 5181 Alexandrinus,
2733 5131 2854 5187 qua:
2881 5110 3041 5172 fuerit
3096 5120 3327 5189 septima
3353 5119 3464 5172 Ma-

1881 5211 1988 5264 riat
2034 5220 2089 5264 et
2142 5220 2391 5264 octavam
2450 5209 2726 5272 Tonesim,
2788 5210 2841 5264 in
2899 5209 3131 5280 septimo
3190 5211 3291 5265 Nili
3323 5213 3463 5266 ostio

1886 5302 2065 5363 sitam,
2094 5312 2299 5370 septem
2337 5300 2477 5354 enim
2500 5300 2654 5353 ostiis
2696 5299 2850 5354 Nilus
2877 5302 2927 5353 in
2961 5314 3111 5354 mare
3141 5298 3460 5365 infunditur,

1887 5390 2159 5459 inquibus
2218 5391 2378 5445 varia:
2439 5390 2690 5445 civitates
2731 5392 2933 5459 jacent.
2991 5388 3283 5460 lleeitaque
3339 5406 3463 5447 octo

1887 5483 2239 5537 Alexandrini
2298 5485 2648 5553 metropoles,
2712 5499 2830 5553 qua:
2883 5486 3061 5539 varios
3093 5484 3193 5541 sub
3244 5501 3302 5540 se
3352 5486 3464 5556 epi-

1877 5587 2135 5642 scogvatus
2196 5576 2432 5641 habent;
2477 5578 2725 5634 quamvis
2778 5575 2886 5629 sint
2941 5587 2997 5631 et
3054 5577 3174 5631 alia:
3225 5577 3463 5646 quinque

1877 5673 2037 5739 nullis
2091 5674 2494 5742 episcopalibus
2544 5674 2890 5744 conspicuae,
2952 5690 3145 5744 nempe
3192 5674 3461 5739 Damiata,

201 5771 290 5840 ὑφ’
322 5771 549 5832 ἑαυτάς.
604 5770 728 5824 Είσὶ
760 5770 819 5823 δὲ
869 5769 1036 5821 αὑταὶ
1068 5768 1101 5832 ἠ
1141 5768 1414 5836 Δαμιὰτα,
1465 5766 1497 5834 ὴ
1543 5765 1710 5829 Σατα,
1738 5764 1771 5832 ἡ

1881 5765 2025 5828 Sata,
2073 5767 2238 5820 maris
2271 5766 2460 5831 Rubri,
2500 5765 2734 5832 Pharan,
2763 5769 2907 5834 Are;
2938 5782 3125 5823 omnes
3164 5767 3322 5821 simul
3352 5777 3463 5821 tre-

201 5864 299 5936 τῆς
341 5864 608 5937 Ἐρυθρᾶς
643 5864 942 5936 θαλάσσης,
976 5866 1010 5935 η
1035 5861 1236 5936 Φαράν,
1261 5863 1353 5915 καὶ
1387 5862 1417 5931 ἡ
1451 5861 1613 5930 Ἀρη,
1635 5858 1772 5926 ὁμοῦ

1873 5859 2077 5914 decim.

2157 5858 2321 5913 Erant
2381 5859 2750 5916 Alexandrino
2783 5868 2837 5915 et
2893 5860 2987 5915 alii
3025 5861 3200 5915 throni
3234 5860 3460 5919 diversi,
