4168 6456
689 405 819 473 1091

1993 398 2158 458 NILI
2202 394 2675 458 DOXAPATRII

3823 392 3843 458 1
3855 396 3969 459 092

686 526 779 578 sed
806 528 929 591 post
962 518 1147 576 Severi
1180 515 1428 572 lucresim
1458 531 1487 569 a
1532 510 1846 569 Severianis
1899 513 2092 567 sublai
2131 524 2278 578 sunt,

2393 513 2689 583 δεκατρεῖς.
2739 504 2866 580 Εἶχε
2928 508 2986 563 δὲ
3041 509 3136 563 καὶ
3162 509 3545 581 Ἀλεξάνδρεια
3612 510 3709 565 καὶ
3765 512 3968 576 ἄλλους

691 614 1146 682 quemadmodum
1176 622 1231 666 et
1260 612 1391 665 ditio
1421 612 1597 663 omnis
1618 608 2099 677 llierosolyntitana
2132 607 2279 676 ipsa-

690 722 795 775 que
856 704 1249 772 Hierosolyuta,
1307 715 1604 769 omnesque
1662 700 1779 752 alia:
1808 699 1962 750 sedes
1991 713 2111 767 quae
2139 713 2280 750 nunc

690 808 818 852 sunt
876 798 977 851 sub
1035 794 1526 863 llicrosolymitauo
1577 792 1915 859 patriarcha;
1958 800 2191 857 namque
2223 799 2279 842 ut.

684 887 796 956 jam
863 884 1101 938 diximus
1177 884 1486 935 universam
1554 880 1897 935 Palmstinam
1949 879 2278 948 possidebat,

694 987 747 1027 et
768 975 900 1027 alias
969 976 1298 1042 provincias.
1343 972 1530 1027 Adhuc
1560 973 1798 1039 possidet
1828 972 2164 1040 provinciam
2194 970 2280 1023 Li-

688 1067 805 1135 bym
857 1066 1348 1135 Pentapolitanam,
1396 1074 1450 1119 et
1507 1062 1837 1132 provinciam
1888 1059 2277 1129 Tripolitauam

690 1152 984 1209 Barbarae.
1046 1154 1121 1207 Ex
1154 1169 1264 1223 quo
1292 1154 1379 1218 lis,
1439 1153 1724 1221 quaeinter
1785 1150 2204 1204 Alexandrinum
2228 1162 2281 1204 et

653 1230 1185 1315 Hlartbaginensem
1244 1246 1491 1305 vertitur.
1558 1244 1893 1297 dissolvitur.
1948 1242 2091 1295 Bina:
2138 1245 2279 1296 enim

694 1338 939 1405 Tripoles
996 1350 1161 1389 sunt:
1198 1352 1301 1389 uua
1357 1339 1455 1388 sub
1491 1334 1733 1398 Oriente,
1785 1345 1839 1389 et
1900 1344 1982 1389 est
2030 1336 2281 1389 decimus

697 1431 889 1481 tertius
936 1429 1277 1496 episcopatus
1338 1426 1465 1497 Tyri
1493 1430 1591 1481 sub
1664 1428 1939 1497 provincia
1990 1426 2284 1481 Pltmnicitn

697 1525 1021 1587 mar-itione;
1064 1520 1239 1591 Tyrus
1291 1536 1414 1573 vero
1464 1531 1563 1582 est,
1627 1528 1683 1572 ut
1743 1528 1896 1572 antea
1945 1519 2280 1587 scripsimus,

697 1614 869 1681 prima
916 1615 1240 1666 Autioclieni
1286 1612 1618 1676 metropolis,
1670 1623 1722 1663 et
1774 1614 1885 1666 ltmc
1920 1628 2021 1664 una
2052 1610 2285 1681 Tripolis

690 1715 795 1756 est.
866 1704 1050 1756 Altera
1110 1714 1193 1756 est
1247 1705 1348 1756 sub
1394 1702 1616 1756 dioecesi
1684 1702 2028 1773 Egyptiaca,
2088 1718 2203 1770 qua:
2232 1712 2285 1757 et

694 1797 894 1865 Libyca
927 1806 1030 1859 est,
1062 1812 1181 1863 qttze
1210 1797 1406 1849 dicitur
1434 1795 1726 1858 Barbariaz,
1762 1795 2132 1849 Alexandrino
2187 1796 2287 1849 ob-

694 1894 875 1952 noxia,
940 1904 1041 1941 non
1098 1889 1209 1958 ipsa
1241 1889 1521 1959 primario,
1571 1902 1745 1957 neque
1793 1891 1935 1941 enim
1971 1888 2283 1957 metropolis
2316 1877 2356 1931 Β

696 1991 803 2047 cst,
837 1980 929 2034 sed
956 1982 1302 2051 cpisCOpatus
1333 1982 1422 2034 uni
1457 1982 1801 2035 Alexandria:
1834 1982 2117 2051 metropoli
2162 1984 2287 2039 sub-

694 2076 897 2142 jectus.
950 2073 1168 2126 Frustra
1240 2075 1419 2140 itaque
1469 2088 1593 2126 eam
1642 2072 1745 2125 sibi
1781 2073 2018 2126 vindicat
2061 2073 2293 2128 Cartha-

702 2168 965 2237 ginensis,
1025 2166 1116 2235 qui
1156 2166 1462 2234 praesidenti
1492 2164 1739 2234 Europae,
1778 2163 2021 2219 Romano
2052 2165 2286 2234 Scilicet,

698 2259 1004 2327 subjicitur.
1036 2258 1101 2311 Et
1130 2260 1243 2311 liam
1270 2269 1351 2311 ρει
1382 2256 1758 2321 Alexandrini,
1808 2272 1899 2310 seu
1930 2256 2108 2327 Libya:
2144 2259 2292 2313 thro-

700 2351 755 2407 ni
779 2351 1054 2415 ditecesis,
1076 2359 1131 2405 et
1183 2350 1309 2403 licet
1341 2350 1625 2402 universus
1663 2347 1876 2413 Oriens,
1908 2349 2033 2404 Asia
2068 2366 2293 2406 vocare.

701 2457 809 2507 tur,
872 2444 1160 2497 universus
1190 2439 1452 2495 Occidens
1510 2442 1749 2510 EurOpa,
1782 2451 1906 2494 sunt
1936 2443 2294 2497 nihilominus

699 2540 951 2594 civitates
1012 2537 1285 2606 proprium
1339 2536 1445 2591 sibi
1478 2549 1672 2588 nomen
1724 2536 1863 2589 Asia:
1925 2537 2289 2603 vindicantes;

700 2632 865 2685 veluti
930 2631 1194 2699 Ephesus,
1222 2645 1342 2698 qua:
1384 2630 1435 2682 in
1497 2626 1791 2681 Tltracesio
1838 2637 1936 2692 cst,
1967 2640 2016 2681 et
2042 2626 2289 2698 Smyrna,

701 2735 755 2777 et
803 2724 1237 2793 rcliqumibidem
1293 2723 1473 2785 nrbes,
1508 2729 1566 2774 ut
1590 2719 1728 2774 infra
1786 2735 2141 2789 exponemus.
2170 2721 2291 2776 Pari

704 2818 915 2871 ratione
958 2816 1121 2869 etiam
1180 2816 1231 2868 in
1258 2814 1541 2868 occidente
1605 2822 1921 2883 spectantur
1948 2814 2128 2877 urbes,
2170 2830 2291 2884 qua:

704 2912 924 2978 praprie
955 2909 1180 2973 Europa:
1221 2922 1414 2961 nomen
1451 2907 1551 2959 sibi
1609 2915 1902 2973 usurpant;
1955 2915 2010 2958 ut
2038 2904 2291 2959 Heraclea

705 3004 757 3053 in
794 3000 1049 3063 Thracia,
1079 2998 1544 3066 Constantinopoli
1606 2999 1869 3065 proxima.
1906 2997 1997 3051 Sic
2033 2998 2195 3051 etiam
2232 3006 2289 3051 et

708 3094 760 3145 itt
824 3092 990 3161 Libyn
1026 3091 1316 3155 nonnulla,
1358 3089 1575 3159 proprie
1625 3089 1804 3159 Libya:
1829 3104 2020 3143 nomen
2060 3089 2162 3143 sibi
2195 3091 2292 3142 ud-

2385 605 2613 677 θρόνους
2638 602 2896 667 πολλοὺς,
2922 604 3059 657 ἀλλὰ
3090 604 3233 671 μετὰ
3292 603 3353 657 τὸ
3399 603 3658 672 γενέσθαι
3686 605 3788 673 τὴν
3816 607 3970 675 αἰρε-

2385 713 2472 749 σιν
2506 696 2760 767 Σηδήρου
2802 694 3249 765 καθηρπάγησαν
3278 695 3387 749 ὑπὸ
3423 696 3532 750 τῶν
3577 698 3966 768 Σηῦηριανῶν,

2382 787 2576 859 ὥσπερ
2605 784 2720 861 εἶχε
2753 789 2849 843 καὶ
2874 789 2975 857 τὴν
3009 789 3370 859 διακράτησιν
3412 793 3593 844 πᾶσαν
3658 789 3967 861 Ἱεροσολύ-

2391 898 2533 950 μων,
2586 883 2684 934 καὶ
2735 880 2873 934 αὐτὰ
2911 881 2980 934 τὰ
3022 880 3399 951 Ἱεροσόλυμα,
3452 883 3544 936 καὶ
3596 883 3807 945 πάντας
3837 884 3967 946 τοὺς

2384 973 2611 1042 θρόνους
2662 974 2792 1036 τοὺς
2851 973 2946 1027 νῦν
2998 974 3292 1039 τελοῦντας
3328 975 3437 1028 ὑπὸ
3491 976 3592 1046 τὴν
3622 976 3836 1044 ἐνορίαν
3878 977 3967 1028 τοῦ

2385 1067 2577 1137 θρόνου
2613 1067 3030 1137 Ἰεροσολύμων.
3086 1065 3215 1138 Εἶχε
3241 1068 3351 1138 γὰρ
3404 1070 3497 1121 καὶ
3527 1069 3697 1137 αὐτὴν
3720 1070 3818 1138 τὴν
3850 1070 3967 1120 Πα-

2383 1158 2669 1227 λαιστίνην
2710 1161 2894 1212 πᾶσαν
2937 1160 3083 1225 τότε,
3152 1159 3226 1222 ὡς
3281 1161 3623 1229 προείπομεν
3681 1162 3971 1225 καὶᾶλλας

2390 1250 2688 1321 ἐπαρχίας.
2730 1252 2852 1303 Ἐτι
2907 1254 3126 1321 κατέχει
3150 1251 3248 1321 τὴν
3294 1253 3560 1323 ἐπαρχίαν
3594 1254 3801 1322 Λιϐύης
3831 1257 3969 1306 [lev-

2384 1344 2691 1407 ταπόλεως,
2727 1346 2822 1397 καὶ
2850 1346 2950 1414 τὴν
2980 1345 3254 1414 ἐπαρχίαν
3278 1345 3595 1413 Τριπόλεως
3622 1345 3969 1415 Βαρόαρίας,

2384 1434 2526 1486 ὥστε
2555 1438 2618 1488 ἐκ
2643 1435 2837 1489 τούτου
2865 1434 3056 1488 λύεται
3092 1437 3188 1488 καὶ
3250 1436 3282 1505 ἠ
3312 1435 3649 1505 φιλονεικεία
3706 1439 3739 1505 ὴ
3801 1437 3971 1504 μέσον

2385 1527 2481 1579 τοῦ
2512 1527 2939 1598 Ἀλεξανδρείας·
2992 1528 3085 1580 καὶ
3143 1528 3237 1581 τοῦ
3289 1529 3673 1599 Καρθαγένης.
3711 1530 3815 1582 Δύο
3857 1528 3971 1597 γὰρ

2387 1621 2682 1690 Τριπόλεις
2731 1625 2894 1684 εἰσὶν,
2944 1623 2977 1692 ἡ
3027 1623 3124 1689 μία
3191 1621 3296 1674 ὑπὸ
3346 1623 3443 1691 τὴν
3482 1620 3797 1689 Ἀνατολὴν,
3845 1620 3973 1689 ἥτις

2387 1715 2537 1765 ἐστὶν
2567 1713 2999 1783 τρισκαιδεκάτῃ
3031 1714 3306 1783 ἐπισκοπὴ
3326 1714 3509 1777 Τύρου
3534 1712 3636 1766 ὑπὸ
3654 1714 3753 1781 τὴν
3786 1715 3967 1779 ἐπαρ-

2387 1808 2512 1875 χίαν
2543 1806 2798 1875 Φοινίκης
2830 1804 3129 1874 παραλίας.
3176 1804 3239 1857 Ἣ
3276 1806 3333 1857 δὲ
3361 1804 3562 1873 Τύρος,
3594 1804 3667 1865 ὡς
3688 1803 3972 1872 προεγρά-

2391 1915 2493 1967 φη,
2522 1898 2718 1967 πρώτη
2762 1897 3099 1967 μητρόπολις
3130 1896 3485 1966 Ἀντιοχείας.
3509 1896 3657 1965 Λῦτη
3683 1896 3781 1966 μὲν
3812 1894 3911 1948 οὖν
3937 1896 3971 1964 ἡ

2393 1992 2492 2060 μία
2525 1988 2809 2059 Τρίπολις.
2838 1990 3008 2059 Ἀλλη
3048 1989 3314 2057 Τρίπολις
3371 1988 3475 2041 ὑπὸ
3523 1986 3622 2059 τὴν
3662 1990 3973 2054 Αἰγυπτια-

2391 2081 2493 2151 κὴν
2514 2081 2781 2151 διοίκησιν
2805 2083 2904 2151 τὴν
2932 2084 3024 2134 καὶ
3058 2080 3322 2149 Λιϐυκὴν,
3360 2083 3392 2151 ὴ
3424 2080 3693 2150 λεγομένη
3712 2080 3813 2146 τῆς
3834 2079 3977 2146 Βαρ-

2392 2172 2610 2242 ὅαρίας,
2642 2174 2981 2243 ὑποκειμένη
3014 2175 3081 2243 τῇ
3116 2171 3498 2243 Ἀλεξανδρείᾳ
3528 2174 3627 2224 οὐκ
3656 2173 3795 2241 αὐτη
3824 2190 3977 2241 πρω-

2393 2267 2643 2331 τότυπος.
2684 2268 2759 2320 Οὐ
2808 2266 2918 2336 γάρ
2976 2268 3092 2319 ἐστι
3141 2265 3497 2337 μητρόπολις,
3539 2266 3657 2319 ἀλλ’
3693 2267 3975 2333 ὲπεσκοπὴ

2394 2361 2736 2431 ὑποκειμένη
2797 2362 2895 2431 μιᾷ
2944 2362 3289 2430 μητροπόλει
3338 2362 3401 2413 ἐκ
3446 2361 3555 2413 τῶν
3585 2358 3679 2411 τοῦ
3711 2358 3975 2423 Ἀλεξαν-

2393 2455 2596 2523 δρείας.
2632 2455 2826 2523 Μάτην
2861 2452 2954 2505 οὖν
2982 2453 3241 2521 ἐπιζητεῖ
3276 2453 3480 2523 ταύτην
3516 2455 3543 2503 ὁ
3584 2451 3975 2521 Καρθαγᾶνης,

2393 2548 2421 2599 ὁ
2476 2548 2555 2617 τῷ
2612 2546 2716 2615 τῆς
2768 2546 3043 2615 Εὐρώπης
3092 2545 3506 2616 προκαθημένῳ
3560 2544 3971 2609 ὑποκείμενος,

2393 2632 2504 2692 οἷον
2558 2637 2637 2703 τῷ
2687 2635 2929 2705 Ῥώμης.
2968 2634 3058 2688 Ἐν
3127 2636 3341 2696 τούτοις
3392 2639 3483 2686 και
3532 2635 3599 2685 τὰ
3640 2632 3733 2683 τοῦ
3778 2633 3974 2699 θρόνου

2392 2726 2832 2795 Ἀλεξανδρείας,
2872 2726 2991 2795 ἦτοι
3036 2725 3264 2795 Λιϐύης,
3295 2726 3436 2795 πλὴν
3488 2727 3535 2776 εἰ
3585 2726 3679 2777 καὶ
3712 2725 3907 2777 ἅπασα
3940 2726 3972 2791 ἡ

2397 2818 2827 2889 ἈνατολὴἋσία
2849 2820 3117 2884 ἐκαλεῖτο,
3143 2821 3238 2872 καὶ
3262 2819 3447 2872 ἅπασα
3469 2820 3497 2887 ἡ
3526 2820 3687 2881 Arist;
3712 2818 3977 2887 Εὐρώπη.

2406 2911 2549 2965 Ἀλλ’
2571 2912 2679 2963 είσί
2711 2929 2858 2975 τινες
2886 2912 3062 2980 χῶραι
3094 2912 3525 2980 τῆςᾺνατολῆς,
3554 2912 3757 2972 αἵτινες
3792 2912 3978 2972 ἰδικῶς

2393 3004 2634 3073 χρῶνται
2668 3002 2746 3072 τῷ
2787 3004 2881 3071 τῆς
2912 3003 3098 3064 Ἀσίας
3129 3005 3379 3070 ὀνόματι,
3419 3003 3492 3059 ώς
3526 3005 3556 3068 ἡ
3591 3004 3825 3071 Ἔφεσος
3854 3005 3884 3070 ἡ
3922 3008 3979 3053 ἐν

2392 3098 2472 3165 τῷ
2498 3096 2822 3167 Θρᾳκησίῳ,
2857 3099 3001 3166 καὶὴ
3034 3097 3278 3167 Σμύρνα,
3312 3097 3404 3149 καὶ
3433 3099 3637 3151 ἐκεῖναι
3665 3100 3837 3149 τεῖσαι
3875 3100 3976 3148 πό-

702 3186 934 3249 ciscunt,
988 3194 1047 3237 ut
1106 3183 1388 3252 provincia
1435 3181 1615 3252 Libya:
1641 3180 2014 3248 Pentapoleos,
2050 3194 2289 3250 utsupra

2395 3189 2506 3250 λεις
2543 3188 2617 3251 ώς
2660 3186 2785 3255 ἑξῆς
2830 3189 3167 3257 δηλώσομεν.
3216 3188 3444 3257 Ὁμοίως
3496 3188 3602 3239 εἰσὶ
3657 3188 3753 3239 καὶ
3793 3189 3849 3239 ἐν
3911 3192 3978 3257 τῇ

712 3287 1011 3337 innuimus.
1065 3283 1174 3338 llas
1213 3294 1392 3337 autem
1452 3283 1723 3352 generalia
1792 3282 2007 3339 nomina
2081 3284 2295 3351 proprie

710 3373 813 3427 sibi
856 3388 1147 3443 usurpasse
1171 3374 1239 3428 ob
1275 3374 1415 3427 banc
1440 3387 1660 3425 causam
1697 3373 1969 3438 existimo,
1995 3374 2135 3442 quod
2170 3373 2295 3426 inde

705 3482 1047 3537 unaquaeque
1083 3466 1439 3535 parsinitium
1464 3465 1563 3519 sibi
1606 3473 1817 3528 sumat,
1872 3464 2190 3533 Europaequ
2228 3478 2294 3519 ex

708 3560 961 3624 Thracia,
990 3560 1249 3614 Asianum
1296 3574 1362 3614 ex
1393 3559 1687 3613 Thracesio
1726 3566 1780 3611 et
1835 3558 1947 3627 pari
1972 3557 2180 3612 ratione
2209 3556 2295 3611 Li-

709 3655 900 3722 lvyctun
924 3666 987 3707 ex
1018 3651 1318 3721 Pentapoli.

2396 3282 2557 3333 Δύσει
2589 3281 2794 3350 χῶραι,
2833 3280 3036 3342 αἵτινες
3066 3282 3311 3351 χρῶνται
3338 3281 3413 3350 τῷ
3443 3283 3540 3348 τῆς
3566 3282 3835 3350 Εὐρώπης
3866 3282 3985 3331 626-

2400 3392 2551 3439 ματι,
2585 3376 2659 3436 ώς
2707 3373 3011 3443 Ἡράκλεια
3057 3376 3088 3442 ἡ
3146 3376 3203 3425 ἐν
3264 3377 3330 3443 τῇ
3397 3373 3611 3443 Θρᾴκῃ,
3673 3375 3705 3441 ἠ
3748 3373 3981 3442 πλησίον

2394 3466 2809 3518 Κωνσταντίνου
2838 3467 3066 3528 πόλεως.
3112 3465 3344 3533 Ὁμοίως
3374 3475 3466 3516 καὶ
3519 3466 3612 3516 ἐπὶ
3641 3465 3738 3532 τῆς
3768 3466 3980 3533 main;

2396 3558 2503 3609 εἰσί
2540 3575 2683 3619 τινες
2708 3558 2887 3627 χῶραι
2925 3558 3107 3620 ίδικῶς
3144 3558 3244 3625 τῆς
3274 3557 3482 3628 Λιϐύης
3514 3558 3870 3625 καλούμεναι,
3902 3557 3979 3618 ώς

2394 3652 2426 3720 ἡ
2466 3650 2704 3719 ἐπαρχία
2728 3650 2935 3719 Λιϐύης
2963 3651 3379 3713 Πενταπόλεως,
3409 3653 3482 3713 ώς
3510 3652 3977 3721 προεγράψαμεν.

708 3747 811 3799 Διὰ
840 3746 1003 3800 τοῦτο
1029 3746 1109 3809 δὲ,
1151 3744 1225 3808 ὡς
1255 3738 1434 3814 οἶμαι,
1470 3742 1657 3806 ίδικῶς
1721 3736 1882 3797 αὗται
1918 3742 2223 3812 ἐχρήσαντο
2251 3743 2363 3805 τοῖς
2403 3744 2641 3811 γενικοῖς
2672 3741 2925 3809 ὀνόμασι,
2957 3740 3048 3793 διὰ
3082 3740 3142 3793 τὸ
3180 3742 3397 3794 ἐκεῖθεν
3424 3740 3695 3810 ἄρχεσθαι
3746 3742 3981 3793 ἕκαστον

712 3843 906 3911 μέρος,
940 3842 1110 3910 ἡγουν
1139 3840 1199 3891 τὸ
1232 3839 1557 3909 Εὑρωπαῖον
1583 3838 1649 3890 ἐκ
1676 3840 1777 3908 τῆς
1813 3836 2064 3908 Θρᾴκης,
2118 3839 2212 3891 καὶ
2234 3837 2294 3890 τὸ
2335 3836 2583 3890 Ἀσιανον
2648 3837 2713 3888 ἐκ
2761 3836 3098 3904 Θρακησίου,
3166 3836 3367 3904 ὁμοίως
3402 3836 3494 3887 καὶ
3546 3836 3606 3886 τὺ
3640 3836 3878 3889 Λιϐυκνὶν
3914 3841 3981 3889 ἑκ

709 3939 808 4008 τῆς
838 3936 1243 3997 Πενταπόλεως.

781 4028 1058 4084 Romanus
1118 4043 1267 4094 vero,
1340 4027 1758 4091 Alexandrinus,
1822 4042 2053 4082 necnon
2095 4029 2287 4082 Antio-

710 4124 940 4188 cltenus,
1000 4137 1126 4175 suas
1167 4121 1451 4186 dimccses,
1480 4122 1639 4174 modo
1665 4135 1773 4190 quo
1830 4121 2066 4175 diximus
2095 4122 2290 4190 guber-

713 4216 933 4278 nabant,
991 4230 1111 4267 cum
1160 4212 1339 4267 nullus
1400 4212 1625 4266 auderet
1677 4212 1730 4265 in
1766 4214 1992 4267 alterius
2032 4213 2289 4267 diteccsin

713 4309 899 4373 pedem
928 4303 1147 4369 inferre,
1192 4318 1291 4358 nec
1340 4304 1394 4359 in
1430 4318 1491 4359 ea
1538 4305 1906 4358 ordinationes
1936 4304 2156 4367 habere,
2193 4320 2292 4359 nec

714 4399 1011 4468 quidquam
1037 4397 1179 4450 aliud
1220 4411 1436 4451 sacrum
1495 4396 1800 4465 disponere,
1833 4397 2075 4465 proprias
2096 4396 2297 4451 dioece-

716 4506 801 4544 ses
864 4488 1233 4557 unusquisque
1293 4486 1590 4541 diviserunt
1621 4488 1675 4540 in
1728 4488 2025 4554 exarchos,
2095 4498 2296 4542 metro-

2470 4026 2667 4094 Διῴκει
2704 4026 2760 4078 δὲ
2788 4027 2817 4096 ὴ
2867 4025 3079 4095 Ῥώμη,
3110 4025 3202 4077 καί¹
3228 4023 3628 4094 ’Δλεξάνδρεια,
3659 4028 3753 4078 καὶ
3783 4028 3814 4095 ἡ
3858 4027 3981 4078 ‘Av-

2398 4119 2611 4188 τιόχεια
2646 4118 2743 4178 τας
2772 4115 2859 4185 ὑφ’
2899 4116 3100 4176 ἑαυτὰς
3129 4115 3346 4182 ἐνορίας
3372 4114 3515 4166 οὕτω
3539 4131 3552 4142 ·
3586 4116 3817 4183 μηδενὸς
3851 4115 3984 4166 τολ-

2394 4212 2605 4281 μῶντος
2654 4210 2762 4261 τῶν
2828 4209 2997 4279 τριῶν
3052 4207 3409 4276 ἐπεμϐαίνειν
3453 4210 3531 4269 είς
3587 4211 3681 4269 τὰς
3724 4208 3983 4278 ἀλλήλων

2391 4303 2628 4373 ἐνορίας,
2670 4303 2806 4372 μήτε
2833 4296 3179 4371 χειροτονεῖν,
3207 4299 3337 4369 μήθ’
3357 4301 3491 4361 ὅλως
3517 4300 3741 4353 διοικεῖν
3776 4304 3986 4373 ἱερατι-

2390 4398 2486 4448 κὸν
2514 4396 2838 4465 διηρέσαντο
2878 4394 2999 4448 καθ’
3030 4394 3126 4448 ἕνα
3156 4394 3255 4455 τὰς
3308 4394 3525 4465 ὲνορίας
3564 4396 3748 4448 αὐτῶν
3778 4398 3859 4459 εις
3890 4398 3983 4461 ἐξ-

2396 4486 2623 4556 άρχους,
2684 4488 2762 4549 εἰς
2818 4485 3208 4555 μητροπόλεις,
3244 4486 3323 4546 εἰς
3358 4488 3851 4556 ἀρχιεπισκόπους,
3886 4491 3981 4543 καὶ

718 4578 1011 4647 polit-auos,
1071 4575 1510 4644 arcltiepiscopos
1567 4585 1621 4631 et
1653 4577 1953 4647 episcopos,
1995 4593 2115 4632 cum
2151 4577 2291 4633 baud

2400 4578 2479 4640 είς
2510 4578 2883 4639 ἐπισκόπους*
2928 4578 3049 4629 ἐπεὶ
3090 4576 3201 4645 γὰρ
3248 4576 3512 4630 ἀδύνατον
3566 4574 3636 4648 ἦν
3690 4580 3877 4642 αὐτοῖς
3914 4581 3983 4632 δι’

719 4668 832 4721 lieri
863 4674 1048 4736 posset
1074 4676 1132 4719 ut
1163 4667 1260 4733 ipsi
1287 4681 1381 4734 per
1411 4666 1632 4735 seipsos
1669 4668 1941 4736 parocltiis
1974 4669 2085 4722 suis
2116 4668 2293 4723 omni-

720 4761 819 4812 bus
846 4758 1063 4812 modum
1093 4757 1456 4827 imponerent,
1491 4765 1546 4811 et
1574 4758 1864 4826 seligereut
1910 4758 2214 4827 episcopos,
2241 4768 2298 4812 et

720 4859 1127 4913 consecrarent,
1168 4860 1222 4904 et
1284 4864 1369 4904 res
1417 4860 1743 4918 quaererent,
1800 4851 1921 4918 jura
1948 4850 2215 4913 dicereut,
2245 4860 2299 4905 et

723 4942 1153 5011 pervestigarent
1200 4949 1418 5007 propter
1465 4939 1721 4992 itinerum
1778 4938 1935 5009 longa
1989 4939 2293 5007 intervalla.

724 5033 1011 5102 Propterea
1042 5034 1094 5085 in
1120 5031 1568 5087 eminentioribus
1598 5030 1890 5098 provinciis
1908 5038 1961 5084 et
1990 5030 2297 5099 regionibus

724 5123 986 5176 exarchos
1008 5123 1426 5185 constituerunt,
1462 5120 1514 5174 in
1538 5121 1657 5174 aliis
1688 5120 1982 5190 provinciis
2008 5135 2200 5185 unum,
2244 5121 2297 5174 in

724 5213 953 5281 singulis
1017 5211 1519 5280 metropolitanum;
1575 5228 1695 5266 cum
1769 5226 1897 5265 vero
1945 5212 2045 5266 sub
2107 5213 2295 5266 eadem

728 5304 1001 5373 provinCia
1045 5306 1229 5358 multa:
1283 5304 1531 5358 civitates
1560 5304 1689 5366 sint,
1718 5319 1883 5357 unum
1939 5304 2154 5373 quidem
2184 5320 2299 5359 me~

728 5396 1130 5464 tropolitanum,
1158 5406 1214 5450 ut
1255 5395 1365 5465 jam
1396 5395 1654 5461 diximus,
1696 5395 1748 5447 in
1812 5394 1978 5448 totius
2007 5394 2297 5464 provincia:

728 5500 1105 5568 spectabiliore
1151 5499 1301 5564 urbe,
1346 5498 1487 5567 quod
1543 5498 1631 5551 illa
1662 5497 1823 5552 veluti
1860 5508 2034 5552 mater
2064 5498 2297 5566 reliqua-

730 5618 846 5656 rum
878 5601 1090 5656 urbiqu
1146 5601 1288 5655 illius
1314 5600 1601 5669 provinciae
1630 5610 1792 5665 esset,
1825 5599 2051 5668 ideoque
2085 5610 2137 5654 et
2158 5615 2298 5667 pra:-

731 5694 901 5748 sulcm
931 5696 983 5749 in
1015 5710 1075 5749 ea
1116 5693 1581 5763 metropolitanum
1639 5695 2056 5763 nuncupabant;
2098 5693 2151 5744 in
2180 5693 2300 5749 aliis

733 5786 1007 5841 vilioribus
1033 5786 1251 5841 urbibus
1277 5788 1531 5841 creabant
1568 5786 1866 5855 episcopos.
1928 5785 1984 5840 Si
2031 5802 2151 5855 qua:
2174 5801 2301 5841 vero

734 5888 912 5931 essent
960 5879 1120 5935 urbes
1178 5880 1231 5934 in
1288 5878 1472 5935 eadem
1526 5878 1823 5947 provincia,
1855 5888 1905 5933 ct
1936 5878 2302 5947 magnitudine

2402 4672 2615 4725 ἑαυτῶν
2644 4672 2744 4735 τὰς
2768 4671 2953 4733 πάσας
2979 4671 3197 4739 ἐνορίας
3221 4671 3433 4724 ἐαυτῶν
3458 4672 3702 4736 διοικεῖν,
3744 4675 3840 4725 καὶ
3881 4675 3986 4742 ψη-

2398 4762 2653 4832 φίζεσθαι
2685 4765 2812 4826 τοὺς
2837 4765 3197 4826 ἐπισκόπους,
3230 4766 3325 4816 καὶ
3367 4769 3726 4834 χειροτονεῖν,
3757 4768 3854 4818 καὶ
3890 4769 3980 4832 ἐξ·

2398 4858 2635 4923 ετὰζειν,
2679 4858 2774 4908 καὶ
2804 4857 3077 4920 δικάζειν,
3116 4858 3212 4908 καὶ
3264 4858 3494 4927 ἐρευνᾷν
3527 4858 3614 4910 διὰ
3642 4858 3704 4911 τὺ
3728 4858 3831 4926 τῆς
3856 4860 3981 4912 ὀδοῦ

2399 4949 2536 5003 πολὺ
2576 4952 2785 5020 μῆκος·
2823 4949 2910 5002 διὰ
2963 4949 3125 5002 τοῦτο
3177 4951 3236 5001 ἐν
3294 4949 3395 5017 μὲν
3445 4952 3566 5012 ταῖς
3612 4952 3984 5021 προεχούσσις

2399 5042 2698 5111 ἐπαρχίαις
2760 5040 2853 5093 καὶ
2900 5039 3110 5110 χώραις
3155 5040 3420 5109 ἐποίησαν
3481 5041 3766 5112 ἐξάρχους,
3810 5047 3869 5096 ἐν
3925 5045 3981 5097 δὲ

2398 5133 2757 5209 ταῖςιᾶλλαις
2807 5133 3106 5203 ἐπαρχίαις
3137 5134 3195 5185 ἐν
3230 5134 3330 5203 μιᾷ
3368 5132 3578 5205 ἑκάστῃ
3641 5134 3738 5187 ἕνα
3787 5154 3986 5206 μητρο·

2400 5227 2649 5297 πολίτηνο
2688 5225 2811 5277 ἐπεὶ
2861 5226 2917 5277 δὲ.
2962 5225 3069 5277 ὑπὸ
3128 5224 3229 5293 τὴν
3265 5225 3433 5295 αὐτὴν
3466 5227 3738 5296 ἐπαρχίαν
3788 5230 3984 5284 πολλαὶ

2400 5318 2587 5378 πόλεις
2616 5317 2782 5382 εἰσιν,
2816 5317 2916 5370 ’ἐνα
2952 5316 3054 5386 μὲν
3078 5316 3299 5369 ἐποίουν
3337 5317 3763 5388 μητροπολίτην,
3797 5320 3875 5383 ὡς
3904 5323 3985 5373 εἴσ-

2400 5430 2585 5483 ρηται,
2624 5412 2715 5463 τον
2773 5413 2830 5463 ἐν
2877 5413 2944 5480 τῇ
2998 5409 3275 5479 κρείττονι
3299 5410 3455 5462 πόλει
3495 5411 3594 5480 τῆς
3646 5411 3772 5481 ὅλης
3804 5416 3981 5484 ἐπαρ-

2402 5506 2545 5575 χίας,
2576 5504 2661 5556 διὰ
2694 5504 2753 5555 τδ
2789 5504 3005 5572 μητέρα
3046 5501 3252 5569 ταύτην
3294 5502 3496 5553 ὡσανεὶ
3547 5497 3688 5555 εἶναι
3741 5504 3854 5557 τῶν
3880 5504 3983 5557 ὑπὸ

2402 5598 2500 5664 τὴν
2528 5595 2696 5663 αὐτὴν
2728 5594 3002 5663 ἐπαρχίαν
3044 5592 3253 5645 πόλεων
3280 5609 3293 5621 ·
3323 5592 3409 5645 διὰ
3452 5592 3611 5645 τοῦτο
3659 5595 3755 5647 καὶ
3795 5594 3890 5648 τὸν
3924 5598 3980 5649 ἐν

2403 5690 2542 5761 αὐτῇ
2578 5687 2839 5760 ἀρχιερέα
2890 5686 3298 5758 μητροπολίτην
3337 5684 3567 5737 ἐκάλουν
3597 5704 3611 5719 ·
3649 5688 3706 5738 ὲν
3740 5686 3798 5738 δὲ
3864 5690 3983 5750 ταῖς

2401 5785 2618 5845 λοιπαῖς
2646 5785 2766 5844 ταῖς
2794 5783 2982 5851 ἥττοσι
3012 5780 3235 5832 πόλεσιν
3266 5778 3486 5832 ἐποίουν
3535 5778 3895 5839 ἐπισκόπους.
3919 5774 3979 5830 Εἰ

2403 5878 2459 5931 δέ
2492 5895 2637 5939 τινες
2662 5871 2805 5943 ἦσαν
2838 5874 3020 5935 πόλεις
3050 5875 3108 5926 ἐν
3135 5874 3202 5940 τῇ
3231 5871 3366 5939 αὑτῇ
3418 5870 3655 5940 ἐπαρχία
3689 5871 3783 5921 καὶ
3814 5869 3977 5921 αὐταὶ
