  <div class='ocr_page' id='page_1' title='image "/cluster/home/n/w/nwhite01/storage/ocr_20150623/132/nnc1.0046979662/556.png"; bbox 0 0 4168 6456; ppageno 0'>
   <div class='ocr_carea' id='block_1_1' title="bbox 175 436 312 500">
    <p class='ocr_par' dir='ltr' id='par_1_1' title="bbox 175 436 312 500">
     <span class='ocr_line' id='line_1_1' title="bbox 175 436 312 500; baseline -0.007 0"><span class='ocrx_word' id='word_1_1' title='bbox 175 436 312 500; x_wconf 79' lang='grc'><strong>1093</strong></span> 
     </span>
    </p>
   </div>
   <div class='ocr_carea' id='block_1_2' title="bbox 1266 418 2371 484">
    <p class='ocr_par' dir='ltr' id='par_1_2' title="bbox 1266 418 2371 484">
     <span class='ocr_line' id='line_1_2' title="bbox 1266 418 2371 484; baseline -0.005 0"><span class='ocrx_word' id='word_1_2' title='bbox 1266 424 1525 484; x_wconf 81' lang='lat' dir='ltr'><strong>NOTITI</strong></span> <span class='ocrx_word' id='word_1_3' title='bbox 1539 426 1579 482; x_wconf 86' lang='grc' dir='ltr'><strong>Λ</strong></span> <span class='ocrx_word' id='word_1_4' title='bbox 1622 420 1823 483; x_wconf 73' lang='grc' dir='ltr'><strong>ΡΛΤΒ</strong></span> <span class='ocrx_word' id='word_1_5' title='bbox 1836 418 1905 478; x_wconf 87' lang='grc' dir='ltr'><strong>ῘΑ</strong></span> <span class='ocrx_word' id='word_1_6' title='bbox 1918 418 2371 481; x_wconf 76' lang='lat' dir='ltr'><strong>RCHATUUM.</strong></span> 
     </span>
    </p>
   </div>
   <div class='ocr_carea' id='block_1_3' title="bbox 3318 422 3455 487">
    <p class='ocr_par' dir='ltr' id='par_1_3' title="bbox 3318 422 3455 487">
     <span class='ocr_line' id='line_1_3' title="bbox 3318 422 3455 487; baseline -0.007 -1"><span class='ocrx_word' id='word_1_7' title='bbox 3318 422 3455 487; x_wconf 63' lang='lat' dir='ltr'><strong>109’s</strong></span> 
     </span>
    </p>
   </div>
   <div class='ocr_carea' id='block_1_4' title="bbox 175 531 1772 623">
    <p class='ocr_par' dir='ltr' id='par_1_4' title="bbox 175 536 1763 623">
     <span class='ocr_line' id='line_1_4' title="bbox 175 536 1763 623; baseline -0.011 -19"><span class='ocrx_word' id='word_1_8' title='bbox 175 555 458 623; x_wconf 79' lang='grc' dir='ltr'>μέγισται,</span> <span class='ocrx_word' id='word_1_9' title='bbox 501 545 594 599; x_wconf 64' lang='grc' dir='ltr'><strong>καὶ</strong></span> <span class='ocrx_word' id='word_1_10' title='bbox 638 542 839 614; x_wconf 60' lang='grc' dir='ltr'>μικρδν</span> <span class='ocrx_word' id='word_1_11' title='bbox 899 540 1319 597; x_wconf 82' lang='grc' dir='ltr'>ἁποπίπτουσαι</span> <span class='ocrx_word' id='word_1_12' title='bbox 1371 540 1472 609; x_wconf 74' lang='grc' dir='ltr'>τῆς</span> <span class='ocrx_word' id='word_1_13' title='bbox 1512 536 1763 608; x_wconf 81' lang='grc' dir='ltr'><strong>πρώτης,</strong></span> 
     </span>
    </p>
   </div>
   <div class='ocr_carea' id='block_1_5' title="bbox 1876 531 3453 623">
    <p class='ocr_par' dir='ltr' id='par_1_5' title="bbox 1876 531 3453 603">
     <span class='ocr_line' id='line_1_5' title="bbox 1876 531 3453 603; baseline 0.006 -19"><span class='ocrx_word' id='word_1_14' title='bbox 1876 541 2209 600; x_wconf 82' lang='lat' dir='ltr'><strong>praestantes,</strong></span> <span class='ocrx_word' id='word_1_15' title='bbox 2270 543 2324 586; x_wconf 88' lang='lat' dir='ltr'><strong>et</strong></span> <span class='ocrx_word' id='word_1_16' title='bbox 2376 549 2404 587; x_wconf 82' lang='lat' dir='ltr'><strong>a</strong></span> <span class='ocrx_word' id='word_1_17' title='bbox 2458 531 2627 603; x_wconf 89' lang='lat' dir='ltr'><strong>prima</strong></span> <span class='ocrx_word' id='word_1_18' title='bbox 2686 531 2771 585; x_wconf 88' lang='lat' dir='ltr'><strong>illa</strong></span> <span class='ocrx_word' id='word_1_19' title='bbox 2814 547 3002 600; x_wconf 82' lang='lat' dir='ltr'><strong>parum</strong></span> <span class='ocrx_word' id='word_1_20' title='bbox 3033 533 3453 601; x_wconf 74' lang='lat' dir='ltr'><strong>diﬂ&#39;erentes,iu</strong></span> 
     </span>
    </p>
   </div>
   <div class='ocr_carea' id='block_1_6' title="bbox 172 624 1762 709">
    <p class='ocr_par' dir='ltr' id='par_1_6' title="bbox 172 624 1762 709">
     <span class='ocr_line' id='line_1_6' title="bbox 172 624 1762 709; baseline -0.014 -9"><span class='ocrx_word' id='word_1_21' title='bbox 172 647 399 700; x_wconf 70' lang='grc' dir='ltr'>ἐποίουν</span> <span class='ocrx_word' id='word_1_22' title='bbox 430 641 634 702; x_wconf 80' lang='grc' dir='ltr'>ταύτας</span> <span class='ocrx_word' id='word_1_23' title='bbox 674 635 1122 709; x_wconf 80' lang='grc' dir='ltr'>άρχιεπισκοπάς</span> <span class='ocrx_word' id='word_1_24' title='bbox 1154 651 1166 665; x_wconf 91' lang='grc'><strong>·</strong></span> <span class='ocrx_word' id='word_1_25' title='bbox 1210 634 1420 692; x_wconf 81' lang='grc' dir='ltr'>αἵτινες</span> <span class='ocrx_word' id='word_1_26' title='bbox 1472 632 1572 683; x_wconf 78' lang='grc' dir='ltr'><strong>οὐκ</strong></span> <span class='ocrx_word' id='word_1_27' title='bbox 1617 624 1762 699; x_wconf 75' lang='grc' dir='ltr'>εἶχον</span> 
     </span>
    </p>
   </div>
   <div class='ocr_carea' id='block_1_7' title="bbox 174 722 1766 802">
    <p class='ocr_par' dir='ltr' id='par_1_7' title="bbox 174 722 1766 802">
     <span class='ocr_line' id='line_1_7' title="bbox 174 722 1766 802; baseline -0.011 -12"><span class='ocrx_word' id='word_1_28' title='bbox 174 736 488 797; x_wconf 67' lang='grc' dir='ltr'>ἐπισκοπὲς</span> <span class='ocrx_word' id='word_1_29' title='bbox 513 736 603 802; x_wconf 74' lang='grc' dir='ltr'><strong>ὑφ’</strong></span> <span class='ocrx_word' id='word_1_30' title='bbox 628 733 851 794; x_wconf 60' lang='grc' dir='ltr'>ἑαυτάς·</span> <span class='ocrx_word' id='word_1_31' title='bbox 873 731 968 785; x_wconf 77' lang='grc' dir='ltr'><strong>δύο</strong></span> <span class='ocrx_word' id='word_1_32' title='bbox 984 732 1093 800; x_wconf 77' lang='grc' dir='ltr'><strong>γὰρ</strong></span> <span class='ocrx_word' id='word_1_33' title='bbox 1118 726 1486 799; x_wconf 78' lang='grc' dir='ltr'><strong>μητροπόλεις</strong></span> <span class='ocrx_word' id='word_1_34' title='bbox 1519 722 1766 792; x_wconf 81' lang='grc' dir='ltr'>γίνεσθαι</span> 
     </span>
    </p>
   </div>
   <div class='ocr_carea' id='block_1_8' title="bbox 176 816 1767 897">
    <p class='ocr_par' dir='ltr' id='par_1_8' title="bbox 176 816 1767 897">
     <span class='ocr_line' id='line_1_8' title="bbox 176 816 1767 897; baseline -0.009 -16"><span class='ocrx_word' id='word_1_35' title='bbox 176 832 239 881; x_wconf 84' lang='grc' dir='ltr'><strong>ἐν</strong></span> <span class='ocrx_word' id='word_1_36' title='bbox 272 830 373 897; x_wconf 81' lang='grc' dir='ltr'>μιᾷ</span> <span class='ocrx_word' id='word_1_37' title='bbox 398 825 640 896; x_wconf 78' lang='grc' dir='ltr'>ἐπαρχία</span> <span class='ocrx_word' id='word_1_38' title='bbox 665 825 929 892; x_wconf 74' lang='grc' dir='ltr'>ἀδόκιμον</span> <span class='ocrx_word' id='word_1_39' title='bbox 958 822 1174 892; x_wconf 87' lang='grc' dir='ltr'>ἐκρίθη,</span> <span class='ocrx_word' id='word_1_40' title='bbox 1210 824 1257 874; x_wconf 80' lang='grc' dir='ltr'><strong>εἰ</strong></span> <span class='ocrx_word' id='word_1_41' title='bbox 1293 820 1367 891; x_wconf 80' lang='grc' dir='ltr'>μή</span> <span class='ocrx_word' id='word_1_42' title='bbox 1411 835 1514 872; x_wconf 81' lang='grc' dir='ltr'><strong>που</strong></span> <span class='ocrx_word' id='word_1_43' title='bbox 1539 816 1767 885; x_wconf 77' lang='grc' dir='ltr'>ὕστερον</span> 
     </span>
    </p>
   </div>
   <div class='ocr_carea' id='block_1_9' title="bbox 178 908 1767 991">
    <p class='ocr_par' dir='ltr' id='par_1_9' title="bbox 178 908 1767 991">
     <span class='ocr_line' id='line_1_9' title="bbox 178 908 1767 991; baseline -0.009 -17"><span class='ocrx_word' id='word_1_44' title='bbox 178 926 261 986; x_wconf 77' lang='grc' dir='ltr'>εἰς</span> <span class='ocrx_word' id='word_1_45' title='bbox 288 921 581 991; x_wconf 68' lang='grc' dir='ltr'>βασιλικὴν</span> <span class='ocrx_word' id='word_1_46' title='bbox 636 918 953 989; x_wconf 75' lang='grc' dir='ltr'><strong>φιλοτιμίαν</strong></span> <span class='ocrx_word' id='word_1_47' title='bbox 995 916 1330 985; x_wconf 82' lang='grc' dir='ltr'><strong>ἀποσπασθῇ</strong></span> <span class='ocrx_word' id='word_1_48' title='bbox 1380 932 1463 977; x_wconf 87' lang='grc' dir='ltr'><strong>τις</strong></span> <span class='ocrx_word' id='word_1_49' title='bbox 1490 908 1767 979; x_wconf 82' lang='grc' dir='ltr'>ἐπισκοπὴ</span> 
     </span>
    </p>
   </div>
   <div class='ocr_carea' id='block_1_10' title="bbox 176 998 1768 1079">
    <p class='ocr_par' dir='ltr' id='par_1_10' title="bbox 176 998 1768 1079">
     <span class='ocr_line' id='line_1_10' title="bbox 176 998 1768 1079; baseline -0.009 -14"><span class='ocrx_word' id='word_1_50' title='bbox 176 1014 288 1065; x_wconf 74' lang='grc' dir='ltr'><strong>ἀπό</strong></span> <span class='ocrx_word' id='word_1_51' title='bbox 346 1029 493 1073; x_wconf 85' lang='grc' dir='ltr'>τινος</span> <span class='ocrx_word' id='word_1_52' title='bbox 536 1009 951 1079; x_wconf 65' lang='grc' dir='ltr'><strong>μητροπόλεως,</strong></span> <span class='ocrx_word' id='word_1_53' title='bbox 1020 1008 1116 1060; x_wconf 78' lang='grc' dir='ltr'><strong>καὶ</strong></span> <span class='ocrx_word' id='word_1_54' title='bbox 1174 1005 1381 1074; x_wconf 74' lang='grc' dir='ltr'>τιμηθῇ</span> <span class='ocrx_word' id='word_1_55' title='bbox 1433 998 1768 1073; x_wconf 81' lang='grc' dir='ltr'>μητρόπολις</span> 
     </span>
    </p>
   </div>
   <div class='ocr_carea' id='block_1_11' title="bbox 176 1084 1768 1171">
    <p class='ocr_par' dir='ltr' id='par_1_11' title="bbox 176 1084 1768 1171">
     <span class='ocr_line' id='line_1_11' title="bbox 176 1084 1768 1171; baseline -0.007 -18"><span class='ocrx_word' id='word_1_56' title='bbox 176 1102 334 1171; x_wconf 71' lang='grc' dir='ltr'>παρὰ</span> <span class='ocrx_word' id='word_1_57' title='bbox 363 1084 461 1154; x_wconf 68' lang='grc' dir='ltr'>τοῦ</span> <span class='ocrx_word' id='word_1_58' title='bbox 490 1099 781 1170; x_wconf 82' lang='grc' dir='ltr'>βασιλέως,</span> <span class='ocrx_word' id='word_1_59' title='bbox 824 1099 854 1167; x_wconf 80' lang='grc' dir='ltr'>ἢ</span> <span class='ocrx_word' id='word_1_60' title='bbox 889 1096 1307 1168; x_wconf 78' lang='grc' dir='ltr'>ἀρχιεπισκοπὴ</span> <span class='ocrx_word' id='word_1_61' title='bbox 1365 1095 1455 1146; x_wconf 70' lang='grc' dir='ltr'>διὰ</span> <span class='ocrx_word' id='word_1_62' title='bbox 1507 1092 1607 1162; x_wconf 77' lang='grc' dir='ltr'><strong>τὴν</strong></span> <span class='ocrx_word' id='word_1_63' title='bbox 1640 1092 1768 1162; x_wconf 85' lang='grc' dir='ltr'>ἀρε-</span> 
     </span>
    </p>
   </div>
   <div class='ocr_carea' id='block_1_12' title="bbox 174 1184 1768 1265">
    <p class='ocr_par' dir='ltr' id='par_1_12' title="bbox 174 1184 1768 1265">
     <span class='ocr_line' id='line_1_12' title="bbox 174 1184 1768 1265; baseline -0.007 -19"><span class='ocrx_word' id='word_1_64' title='bbox 174 1196 281 1265; x_wconf 76' lang='grc' dir='ltr'><strong>τὴν</strong></span> <span class='ocrx_word' id='word_1_65' title='bbox 319 1195 415 1246; x_wconf 76' lang='grc' dir='ltr'>τοῦ</span> <span class='ocrx_word' id='word_1_66' title='bbox 454 1194 597 1243; x_wconf 80' lang='grc' dir='ltr'><strong>κατά</strong></span> <span class='ocrx_word' id='word_1_67' title='bbox 623 1191 721 1262; x_wconf 79' lang='grc' dir='ltr'>τὴν</span> <span class='ocrx_word' id='word_1_68' title='bbox 758 1192 974 1261; x_wconf 71' lang='grc' dir='ltr'>ἡμέραν</span> <span class='ocrx_word' id='word_1_69' title='bbox 998 1190 1324 1241; x_wconf 81' lang='grc' dir='ltr'>ἐπισκόπου,</span> <span class='ocrx_word' id='word_1_70' title='bbox 1363 1188 1472 1239; x_wconf 68' lang='grc' dir='ltr'><strong>Καὶ</strong></span> <span class='ocrx_word' id='word_1_71' title='bbox 1498 1185 1635 1253; x_wconf 69' lang='grc' dir='ltr'>αὕτη</span> <span class='ocrx_word' id='word_1_72' title='bbox 1659 1184 1768 1253; x_wconf 82' lang='grc' dir='ltr'><strong>γὰρ</strong></span> 
     </span>
    </p>
   </div>
   <div class='ocr_carea' id='block_1_13' title="bbox 176 1273 1768 1350">
    <p class='ocr_par' dir='ltr' id='par_1_13' title="bbox 176 1273 1768 1350">
     <span class='ocr_line' id='line_1_13' title="bbox 176 1273 1768 1350; baseline -0.007 -14"><span class='ocrx_word' id='word_1_73' title='bbox 176 1286 433 1336; x_wconf 83' lang='grc' dir='ltr'>καλεῖται</span> <span class='ocrx_word' id='word_1_74' title='bbox 472 1280 837 1350; x_wconf 81' lang='grc' dir='ltr'>μητρόπολις,</span> <span class='ocrx_word' id='word_1_75' title='bbox 874 1280 920 1329; x_wconf 78' lang='grc' dir='ltr'><strong>εἰ</strong></span> <span class='ocrx_word' id='word_1_76' title='bbox 970 1278 1064 1329; x_wconf 78' lang='grc' dir='ltr'><strong>καὶ</strong></span> <span class='ocrx_word' id='word_1_77' title='bbox 1099 1277 1175 1346; x_wconf 68' lang='grc' dir='ltr'><strong>μὴ</strong></span> <span class='ocrx_word' id='word_1_78' title='bbox 1220 1277 1336 1345; x_wconf 83' lang='grc' dir='ltr'>ἔχει</span> <span class='ocrx_word' id='word_1_79' title='bbox 1382 1274 1568 1334; x_wconf 81' lang='grc' dir='ltr'>πόλεις</span> <span class='ocrx_word' id='word_1_80' title='bbox 1599 1273 1768 1335; x_wconf 79' lang='grc' dir='ltr'>ἄλλας</span> 
     </span>
    </p>
   </div>
   <div class='ocr_carea' id='block_1_14' title="bbox 177 1364 1765 1443">
    <p class='ocr_par' dir='ltr' id='par_1_14' title="bbox 177 1364 1765 1443">
     <span class='ocr_line' id='line_1_14' title="bbox 177 1364 1765 1443; baseline -0.008 -16"><span class='ocrx_word' id='word_1_81' title='bbox 177 1377 272 1443; x_wconf 64' lang='grc' dir='ltr'><strong>ὑφ’</strong></span> <span class='ocrx_word' id='word_1_82' title='bbox 311 1375 513 1443; x_wconf 57' lang='grc' dir='ltr'>ἑαυτὴν</span> <span class='ocrx_word' id='word_1_83' title='bbox 568 1378 662 1425; x_wconf 76' lang='grc' dir='ltr'><strong>καὶ</strong></span> <span class='ocrx_word' id='word_1_84' title='bbox 712 1372 1019 1433; x_wconf 74' lang='grc' dir='ltr'>ἐπισκοπάς</span> <span class='ocrx_word' id='word_1_85' title='bbox 1044 1412 1057 1431; x_wconf 89' lang='grc'><strong>,</strong></span> <span class='ocrx_word' id='word_1_86' title='bbox 1094 1365 1169 1423; x_wconf 80' lang='grc' dir='ltr'>ὧν</span> <span class='ocrx_word' id='word_1_87' title='bbox 1208 1370 1360 1421; x_wconf 77' lang='grc' dir='ltr'>ἔσται</span> <span class='ocrx_word' id='word_1_88' title='bbox 1407 1364 1765 1438; x_wconf 85' lang='grc' dir='ltr'>μητρόπολις.</span> 
     </span>
    </p>
   </div>
   <div class='ocr_carea' id='block_1_15' title="bbox 176 1454 1768 1535">
    <p class='ocr_par' dir='ltr' id='par_1_15' title="bbox 176 1454 1768 1535">
     <span class='ocr_line' id='line_1_15' title="bbox 176 1454 1768 1535; baseline -0.009 -16"><span class='ocrx_word' id='word_1_89' title='bbox 176 1469 245 1519; x_wconf 80' lang='grc' dir='ltr'><strong>ΟΞ</strong></span> <span class='ocrx_word' id='word_1_90' title='bbox 280 1466 377 1535; x_wconf 83' lang='grc' dir='ltr'>μὲν</span> <span class='ocrx_word' id='word_1_91' title='bbox 431 1463 525 1519; x_wconf 78' lang='grc' dir='ltr'><strong>οὖν</strong></span> <span class='ocrx_word' id='word_1_92' title='bbox 576 1466 797 1533; x_wconf 80' lang='grc' dir='ltr'>ἐξαρχοι</span> <span class='ocrx_word' id='word_1_93' title='bbox 826 1462 933 1513; x_wconf 86' lang='grc' dir='ltr'><strong>τῶν</strong></span> <span class='ocrx_word' id='word_1_94' title='bbox 979 1462 1260 1531; x_wconf 71' lang='grc' dir='ltr'>ἐπαρχιῶν</span> <span class='ocrx_word' id='word_1_95' title='bbox 1306 1457 1455 1530; x_wconf 79' lang='grc' dir='ltr'>εἶχον</span> <span class='ocrx_word' id='word_1_96' title='bbox 1495 1459 1639 1527; x_wconf 97' lang='grc' dir='ltr'>τάχα</span> <span class='ocrx_word' id='word_1_97' title='bbox 1676 1454 1768 1521; x_wconf 70' lang='grc' dir='ltr'><strong>ὑφ’</strong></span> 
     </span>
    </p>
   </div>
   <div class='ocr_carea' id='block_1_16' title="bbox 180 1545 1768 1626">
    <p class='ocr_par' dir='ltr' id='par_1_16' title="bbox 180 1545 1768 1626">
     <span class='ocr_line' id='line_1_16' title="bbox 180 1545 1768 1626; baseline -0.008 -16"><span class='ocrx_word' id='word_1_98' title='bbox 180 1560 411 1619; x_wconf 77' lang='grc' dir='ltr'>ἑαυτοὺς</span> <span class='ocrx_word' id='word_1_99' title='bbox 461 1560 587 1617; x_wconf 54' lang='grc' dir='ltr'>τοῦς</span> <span class='ocrx_word' id='word_1_100' title='bbox 622 1556 1053 1626; x_wconf 75' lang='grc' dir='ltr'>μητροπολίτας,</span> <span class='ocrx_word' id='word_1_101' title='bbox 1086 1554 1181 1605; x_wconf 79' lang='grc' dir='ltr'><strong>καὶ</strong></span> <span class='ocrx_word' id='word_1_102' title='bbox 1233 1550 1606 1622; x_wconf 80' lang='grc' dir='ltr'><strong>ἐχειροτόνουν</strong></span> <span class='ocrx_word' id='word_1_103' title='bbox 1645 1545 1768 1599; x_wconf 85' lang='grc' dir='ltr'>τού-</span> 
     </span>
    </p>
   </div>
   <div class='ocr_carea' id='block_1_17' title="bbox 174 1643 1768 1717">
    <p class='ocr_par' dir='ltr' id='par_1_17' title="bbox 174 1643 1768 1717">
     <span class='ocr_line' id='line_1_17' title="bbox 174 1643 1768 1717; baseline -0.004 -17"><span class='ocrx_word' id='word_1_104' title='bbox 174 1666 332 1709; x_wconf 80' lang='grc' dir='ltr'>τους,</span> <span class='ocrx_word' id='word_1_105' title='bbox 356 1647 558 1715; x_wconf 57' lang='grc' dir='ltr'>ὁμοίως</span> <span class='ocrx_word' id='word_1_106' title='bbox 582 1650 677 1699; x_wconf 78' lang='grc' dir='ltr'><strong>καὶ</strong></span> <span class='ocrx_word' id='word_1_107' title='bbox 747 1649 874 1710; x_wconf 75' lang='grc' dir='ltr'>τοὺς</span> <span class='ocrx_word' id='word_1_108' title='bbox 916 1646 1413 1717; x_wconf 78' lang='grc' dir='ltr'>ἀρχιεπισκόπους,</span> <span class='ocrx_word' id='word_1_109' title='bbox 1450 1644 1543 1696; x_wconf 85' lang='grc' dir='ltr'><strong>καὶ</strong></span> <span class='ocrx_word' id='word_1_110' title='bbox 1583 1643 1768 1695; x_wconf 79' lang='grc' dir='ltr'>ἐδίκα-</span> 
     </span>
    </p>
   </div>
   <div class='ocr_carea' id='block_1_18' title="bbox 165 1734 1765 1813">
    <p class='ocr_par' dir='ltr' id='par_1_18' title="bbox 165 1734 1765 1813">
     <span class='ocr_line' id='line_1_18' title="bbox 165 1734 1765 1813; baseline -0.003 -23"><span class='ocrx_word' id='word_1_111' title='bbox 165 1744 278 1813; x_wconf 54' lang='grc' dir='ltr'><strong>έον</strong></span> <span class='ocrx_word' id='word_1_112' title='bbox 302 1740 517 1802; x_wconf 62' lang='grc' dir='ltr'>αὐτοὺς,</span> <span class='ocrx_word' id='word_1_113' title='bbox 549 1742 598 1792; x_wconf 75' lang='grc' dir='ltr'>οἱ</span> <span class='ocrx_word' id='word_1_114' title='bbox 631 1740 685 1792; x_wconf 83' lang='grc' dir='ltr'><strong>δὲ</strong></span> <span class='ocrx_word' id='word_1_115' title='bbox 719 1738 1122 1809; x_wconf 81' lang='grc' dir='ltr'>μητροπολίται</span> <span class='ocrx_word' id='word_1_116' title='bbox 1168 1739 1294 1799; x_wconf 73' lang='grc' dir='ltr'>τοὺς</span> <span class='ocrx_word' id='word_1_117' title='bbox 1328 1738 1433 1791; x_wconf 73' lang='grc' dir='ltr'>ὑπὸ</span> <span class='ocrx_word' id='word_1_118' title='bbox 1456 1741 1555 1799; x_wconf 80' lang='grc' dir='ltr'>τὰς</span> <span class='ocrx_word' id='word_1_119' title='bbox 1586 1734 1765 1788; x_wconf 77' lang='grc' dir='ltr'>αὐτῶν</span> 
     </span>
    </p>
   </div>
   <div class='ocr_carea' id='block_1_19' title="bbox 180 1826 1770 1899">
    <p class='ocr_par' dir='ltr' id='par_1_19' title="bbox 180 1826 1770 1899">
     <span class='ocr_line' id='line_1_19' title="bbox 180 1826 1770 1899; baseline -0.001 -18"><span class='ocrx_word' id='word_1_120' title='bbox 180 1830 456 1898; x_wconf 73' lang='grc' dir='ltr'><strong>ἐπαρχίας</strong></span> <span class='ocrx_word' id='word_1_121' title='bbox 480 1829 839 1891; x_wconf 80' lang='grc' dir='ltr'>ἐπισκόπους.</span> <span class='ocrx_word' id='word_1_122' title='bbox 886 1830 949 1881; x_wconf 85' lang='grc' dir='ltr'>Οἱ</span> <span class='ocrx_word' id='word_1_123' title='bbox 981 1829 1037 1881; x_wconf 84' lang='grc' dir='ltr'>δὲ</span> <span class='ocrx_word' id='word_1_124' title='bbox 1072 1828 1294 1899; x_wconf 78' lang='grc' dir='ltr'>ἑξαρχοι</span> <span class='ocrx_word' id='word_1_125' title='bbox 1326 1830 1615 1882; x_wconf 82' lang='grc' dir='ltr'>ὑπέκειντο</span> <span class='ocrx_word' id='word_1_126' title='bbox 1638 1826 1770 1879; x_wconf 73' lang='grc' dir='ltr'>ἕκα-</span> 
     </span>
    </p>
   </div>
   <div class='ocr_carea' id='block_1_20' title="bbox 182 1918 1766 1990">
    <p class='ocr_par' dir='ltr' id='par_1_20' title="bbox 182 1918 1766 1990">
     <span class='ocr_line' id='line_1_20' title="bbox 182 1918 1766 1990; baseline -0.002 -19"><span class='ocrx_word' id='word_1_127' title='bbox 182 1936 311 1979; x_wconf 85' lang='grc' dir='ltr'>στος</span> <span class='ocrx_word' id='word_1_128' title='bbox 337 1918 596 1989; x_wconf 78' lang='grc' dir='ltr'>τῇοίκεία</span> <span class='ocrx_word' id='word_1_129' title='bbox 620 1919 853 1989; x_wconf 72' lang='grc' dir='ltr'>κεφαλῇ,</span> <span class='ocrx_word' id='word_1_130' title='bbox 881 1919 976 1973; x_wconf 73' lang='grc' dir='ltr'><strong>καὶ</strong></span> <span class='ocrx_word' id='word_1_131' title='bbox 994 1919 1071 1990; x_wconf 81' lang='grc' dir='ltr'><strong>τῷ</strong></span> <span class='ocrx_word' id='word_1_132' title='bbox 1091 1918 1300 1988; x_wconf 75' lang='grc' dir='ltr'>μείζονι</span> <span class='ocrx_word' id='word_1_133' title='bbox 1328 1920 1523 1990; x_wconf 79' lang='grc' dir='ltr'>θρόνῳ.</span> <span class='ocrx_word' id='word_1_134' title='bbox 1558 1918 1766 1979; x_wconf 82' lang='grc' dir='ltr'><strong>Πάντες</strong></span> 
     </span>
    </p>
   </div>
   <div class='ocr_carea' id='block_1_21' title="bbox 178 2010 1769 2083">
    <p class='ocr_par' dir='ltr' id='par_1_21' title="bbox 178 2010 1769 2083">
     <span class='ocr_line' id='line_1_21' title="bbox 178 2010 1769 2083; baseline -0.004 -15"><span class='ocrx_word' id='word_1_135' title='bbox 178 2016 239 2069; x_wconf 77' lang='grc' dir='ltr'>δὲ</span> <span class='ocrx_word' id='word_1_136' title='bbox 304 2014 471 2079; x_wconf 73' lang='grc' dir='ltr'>οὗτοι,</span> <span class='ocrx_word' id='word_1_137' title='bbox 525 2014 578 2067; x_wconf 79' lang='grc' dir='ltr'>οἷ</span> <span class='ocrx_word' id='word_1_138' title='bbox 606 2032 663 2067; x_wconf 81' lang='grc' dir='ltr'><strong>τε</strong></span> <span class='ocrx_word' id='word_1_139' title='bbox 716 2015 963 2083; x_wconf 75' lang='grc' dir='ltr'>ἔξαρχοι,</span> <span class='ocrx_word' id='word_1_140' title='bbox 999 2014 1057 2067; x_wconf 77' lang='grc' dir='ltr'>οἵ</span> <span class='ocrx_word' id='word_1_141' title='bbox 1078 2031 1137 2066; x_wconf 90' lang='grc' dir='ltr'><strong>τε</strong></span> <span class='ocrx_word' id='word_1_142' title='bbox 1167 2014 1591 2083; x_wconf 85' lang='grc' dir='ltr'>μητροπολῖται,</span> <span class='ocrx_word' id='word_1_143' title='bbox 1626 2010 1682 2063; x_wconf 85' lang='grc' dir='ltr'>οἶ</span> <span class='ocrx_word' id='word_1_144' title='bbox 1709 2027 1769 2063; x_wconf 85' lang='grc' dir='ltr'><strong>τε</strong></span> 
     </span>
    </p>
   </div>
   <div class='ocr_carea' id='block_1_22' title="bbox 181 2101 1771 2177">
    <p class='ocr_par' dir='ltr' id='par_1_22' title="bbox 181 2101 1771 2177">
     <span class='ocr_line' id='line_1_22' title="bbox 181 2101 1771 2177; baseline -0.007 -15"><span class='ocrx_word' id='word_1_145' title='bbox 181 2108 640 2177; x_wconf 83' lang='grc' dir='ltr'>ἁοχιεπίσκοποι,</span> <span class='ocrx_word' id='word_1_146' title='bbox 669 2106 761 2157; x_wconf 79' lang='grc' dir='ltr'>καὶ</span> <span class='ocrx_word' id='word_1_147' title='bbox 791 2105 840 2157; x_wconf 75' lang='grc' dir='ltr'>οἱ</span> <span class='ocrx_word' id='word_1_148' title='bbox 886 2106 1179 2157; x_wconf 84' lang='grc' dir='ltr'>ἐπίσκοποι</span> <span class='ocrx_word' id='word_1_149' title='bbox 1212 2105 1505 2156; x_wconf 76' lang='grc' dir='ltr'>ὑπέκειντο</span> <span class='ocrx_word' id='word_1_150' title='bbox 1525 2102 1601 2171; x_wconf 82' lang='grc' dir='ltr'>τῷ</span> <span class='ocrx_word' id='word_1_151' title='bbox 1652 2101 1771 2171; x_wconf 87' lang='grc' dir='ltr'>μεί-</span> 
     </span>
    </p>
   </div>
   <div class='ocr_carea' id='block_1_23' title="bbox 183 2192 1771 2265">
    <p class='ocr_par' dir='ltr' id='par_1_23' title="bbox 183 2192 1771 2265">
     <span class='ocr_line' id='line_1_23' title="bbox 183 2192 1771 2265; baseline -0.004 -16"><span class='ocrx_word' id='word_1_152' title='bbox 183 2200 303 2262; x_wconf 79' lang='grc' dir='ltr'>ζονι</span> <span class='ocrx_word' id='word_1_153' title='bbox 330 2197 563 2256; x_wconf 78' lang='grc' dir='ltr'>ἕκαστος</span> <span class='ocrx_word' id='word_1_154' title='bbox 610 2194 786 2265; x_wconf 85' lang='grc' dir='ltr'>θρόνῳ</span> <span class='ocrx_word' id='word_1_155' title='bbox 816 2212 829 2226; x_wconf 76' lang='grc' dir='ltr'><strong>ο</strong></span> <span class='ocrx_word' id='word_1_156' title='bbox 867 2196 962 2247; x_wconf 72' lang='grc' dir='ltr'>καὶ</span> <span class='ocrx_word' id='word_1_157' title='bbox 995 2197 1043 2247; x_wconf 82' lang='grc' dir='ltr'><strong>εί</strong></span> <span class='ocrx_word' id='word_1_158' title='bbox 1086 2195 1472 2263; x_wconf 84' lang='grc' dir='ltr'>ἀπηρέσκοντο</span> <span class='ocrx_word' id='word_1_159' title='bbox 1500 2195 1622 2254; x_wconf 89' lang='grc' dir='ltr'>ταῖς</span> <span class='ocrx_word' id='word_1_160' title='bbox 1658 2192 1771 2258; x_wconf 84' lang='grc' dir='ltr'>κρί-</span> 
     </span>
    </p>
   </div>
   <div class='ocr_carea' id='block_1_24' title="bbox 182 2288 1770 2359">
    <p class='ocr_par' dir='ltr' id='par_1_24' title="bbox 182 2288 1770 2359">
     <span class='ocr_line' id='line_1_24' title="bbox 182 2288 1770 2359; baseline -0.001 -19"><span class='ocrx_word' id='word_1_161' title='bbox 182 2307 306 2341; x_wconf 82' lang='grc' dir='ltr'>σεσι</span> <span class='ocrx_word' id='word_1_162' title='bbox 330 2291 441 2341; x_wconf 79' lang='grc' dir='ltr'><strong>τῶν</strong></span> <span class='ocrx_word' id='word_1_163' title='bbox 466 2288 713 2359; x_wconf 67' lang='grc' dir='ltr'>ἐξάρχων</span> <span class='ocrx_word' id='word_1_164' title='bbox 755 2290 807 2341; x_wconf 83' lang='grc' dir='ltr'>οἱ</span> <span class='ocrx_word' id='word_1_165' title='bbox 843 2289 1249 2359; x_wconf 80' lang='grc' dir='ltr'>μητροπολῑται</span> <span class='ocrx_word' id='word_1_166' title='bbox 1269 2289 1302 2356; x_wconf 82' lang='grc' dir='ltr'>ἢ</span> <span class='ocrx_word' id='word_1_167' title='bbox 1334 2290 1382 2340; x_wconf 79' lang='grc' dir='ltr'>οἱ</span> <span class='ocrx_word' id='word_1_168' title='bbox 1409 2288 1770 2358; x_wconf 81' lang='grc' dir='ltr'>ἀρχιεπίσκο·</span> 
     </span>
    </p>
   </div>
   <div class='ocr_carea' id='block_1_25' title="bbox 185 2379 1772 2451">
    <p class='ocr_par' dir='ltr' id='par_1_25' title="bbox 185 2379 1772 2451">
     <span class='ocr_line' id='line_1_25' title="bbox 185 2379 1772 2451; baseline -0.001 -18"><span class='ocrx_word' id='word_1_169' title='bbox 185 2399 302 2446; x_wconf 82' lang='grc' dir='ltr'>ποι,</span> <span class='ocrx_word' id='word_1_170' title='bbox 331 2383 427 2433; x_wconf 77' lang='grc' dir='ltr'><strong>καὶ</strong></span> <span class='ocrx_word' id='word_1_171' title='bbox 456 2381 567 2434; x_wconf 84' lang='grc' dir='ltr'>τῶν</span> <span class='ocrx_word' id='word_1_172' title='bbox 630 2382 1050 2451; x_wconf 81' lang='grc' dir='ltr'>μητροπολιτῶν</span> <span class='ocrx_word' id='word_1_173' title='bbox 1078 2383 1126 2433; x_wconf 78' lang='grc' dir='ltr'>οἱ</span> <span class='ocrx_word' id='word_1_174' title='bbox 1157 2381 1475 2443; x_wconf 80' lang='grc' dir='ltr'>ἐπίσκοποι,</span> <span class='ocrx_word' id='word_1_175' title='bbox 1538 2379 1772 2450; x_wconf 75' lang='grc' dir='ltr'>ἀνεκλή-</span> 
     </span>
    </p>
   </div>
   <div class='ocr_carea' id='block_1_26' title="bbox 179 2473 1772 2543">
    <p class='ocr_par' dir='ltr' id='par_1_26' title="bbox 179 2473 1772 2543">
     <span class='ocr_line' id='line_1_26' title="bbox 179 2473 1772 2543; baseline -0.002 -16"><span class='ocrx_word' id='word_1_176' title='bbox 179 2491 346 2527; x_wconf 82' lang='grc' dir='ltr'>τευον</span> <span class='ocrx_word' id='word_1_177' title='bbox 386 2475 436 2525; x_wconf 84' lang='grc' dir='ltr'>οἱ</span> <span class='ocrx_word' id='word_1_178' title='bbox 470 2473 569 2543; x_wconf 78' lang='grc' dir='ltr'>μὲν</span> <span class='ocrx_word' id='word_1_179' title='bbox 611 2479 692 2535; x_wconf 81' lang='grc' dir='ltr'><strong>είς</strong></span> <span class='ocrx_word' id='word_1_180' title='bbox 722 2475 789 2526; x_wconf 81' lang='grc' dir='ltr'><strong>τά</strong></span> <span class='ocrx_word' id='word_1_181' title='bbox 821 2473 1064 2543; x_wconf 66' lang='grc' dir='ltr'>μείζονα,</span> <span class='ocrx_word' id='word_1_182' title='bbox 1098 2475 1147 2525; x_wconf 88' lang='grc' dir='ltr'>οἱ</span> <span class='ocrx_word' id='word_1_183' title='bbox 1176 2474 1230 2526; x_wconf 84' lang='grc' dir='ltr'><strong>δὲ</strong></span> <span class='ocrx_word' id='word_1_184' title='bbox 1254 2474 1542 2526; x_wconf 81' lang='grc' dir='ltr'>ἐπίσκοποι</span> <span class='ocrx_word' id='word_1_185' title='bbox 1574 2476 1652 2535; x_wconf 85' lang='grc' dir='ltr'>εἰς</span> <span class='ocrx_word' id='word_1_186' title='bbox 1682 2473 1772 2525; x_wconf 79' lang='grc' dir='ltr'><strong>τὸν</strong></span> 
     </span>
    </p>
   </div>
   <div class='ocr_carea' id='block_1_27' title="bbox 182 2561 1766 2633">
    <p class='ocr_par' dir='ltr' id='par_1_27' title="bbox 182 2561 1766 2633">
     <span class='ocr_line' id='line_1_27' title="bbox 182 2561 1766 2633; baseline 0 -19"><span class='ocrx_word' id='word_1_187' title='bbox 182 2565 437 2633; x_wconf 78' lang='grc' dir='ltr'>ἔξαρχον,</span> <span class='ocrx_word' id='word_1_188' title='bbox 459 2564 715 2616; x_wconf 80' lang='grc' dir='ltr'>κάκεῖθεν</span> <span class='ocrx_word' id='word_1_189' title='bbox 737 2563 811 2625; x_wconf 87' lang='grc' dir='ltr'>ὼς</span> <span class='ocrx_word' id='word_1_190' title='bbox 830 2562 923 2616; x_wconf 85' lang='grc' dir='ltr'>τὸν</span> <span class='ocrx_word' id='word_1_191' title='bbox 954 2562 1176 2632; x_wconf 74' lang='grc' dir='ltr'>μείζονα</span> <span class='ocrx_word' id='word_1_192' title='bbox 1192 2566 1287 2615; x_wconf 68' lang='grc' dir='ltr'><strong>καὶ</strong></span> <span class='ocrx_word' id='word_1_193' title='bbox 1307 2565 1354 2615; x_wconf 83' lang='grc' dir='ltr'>εἰ</span> <span class='ocrx_word' id='word_1_194' title='bbox 1376 2562 1534 2614; x_wconf 77' lang='grc' dir='ltr'>τοῦτο</span> <span class='ocrx_word' id='word_1_195' title='bbox 1554 2561 1766 2631; x_wconf 72' lang='grc' dir='ltr'>ἤθελον.</span> 
     </span>
    </p>
   </div>
   <div class='ocr_carea' id='block_1_28' title="bbox 180 2656 1768 2725">
    <p class='ocr_par' dir='ltr' id='par_1_28' title="bbox 180 2656 1768 2725">
     <span class='ocr_line' id='line_1_28' title="bbox 180 2656 1768 2725; baseline -0.001 -18"><span class='ocrx_word' id='word_1_196' title='bbox 180 2657 334 2717; x_wconf 72' lang='grc' dir='ltr'>Τέω,</span> <span class='ocrx_word' id='word_1_197' title='bbox 367 2656 425 2707; x_wconf 84' lang='grc' dir='ltr'><strong>δὲ</strong></span> <span class='ocrx_word' id='word_1_198' title='bbox 464 2656 540 2717; x_wconf 83' lang='grc' dir='ltr'>ὡς</span> <span class='ocrx_word' id='word_1_199' title='bbox 585 2656 805 2725; x_wconf 78' lang='grc' dir='ltr'>ἐξαρχοι</span> <span class='ocrx_word' id='word_1_200' title='bbox 867 2657 1163 2708; x_wconf 75' lang='grc' dir='ltr'>ἐκαλοῦντο</span> <span class='ocrx_word' id='word_1_201' title='bbox 1193 2657 1287 2707; x_wconf 71' lang='grc' dir='ltr'><strong>καὶ</strong></span> <span class='ocrx_word' id='word_1_202' title='bbox 1324 2656 1768 2723; x_wconf 80' lang='grc' dir='ltr'>ἀρχιεπίσκοποι.</span> 
     </span>
    </p>
   </div>
   <div class='ocr_carea' id='block_1_29' title="bbox 256 2745 1772 2817">
    <p class='ocr_par' dir='ltr' id='par_1_29' title="bbox 256 2745 1772 2817">
     <span class='ocr_line' id='line_1_29' title="bbox 256 2745 1772 2817; baseline -0.003 -15"><span class='ocrx_word' id='word_1_203' title='bbox 256 2750 485 2817; x_wconf 79' lang='grc' dir='ltr'>Ῥητέον</span> <span class='ocrx_word' id='word_1_204' title='bbox 528 2748 717 2800; x_wconf 74' lang='grc' dir='ltr'>λοιπὸν</span> <span class='ocrx_word' id='word_1_205' title='bbox 752 2748 870 2809; x_wconf 85' lang='grc' dir='ltr'>πῶς</span> <span class='ocrx_word' id='word_1_206' title='bbox 904 2748 961 2798; x_wconf 76' lang='grc' dir='ltr'>αἱ</span> <span class='ocrx_word' id='word_1_207' title='bbox 986 2748 1137 2816; x_wconf 85' lang='grc' dir='ltr'>τρεῖς</span> <span class='ocrx_word' id='word_1_208' title='bbox 1176 2746 1341 2800; x_wconf 80' lang='grc' dir='ltr'>αὑταὶ</span> <span class='ocrx_word' id='word_1_209' title='bbox 1375 2745 1612 2816; x_wconf 77' lang='grc' dir='ltr'>μεγάλαι</span> <span class='ocrx_word' id='word_1_210' title='bbox 1651 2746 1772 2798; x_wconf 83' lang='grc' dir='ltr'><strong>Ἐκ-</strong></span> 
     </span>
    </p>
   </div>
   <div class='ocr_carea' id='block_1_30' title="bbox 181 2838 1767 2914">
    <p class='ocr_par' dir='ltr' id='par_1_30' title="bbox 181 2838 1767 2914">
     <span class='ocr_line' id='line_1_30' title="bbox 181 2838 1767 2914; baseline -0.006 -17"><span class='ocrx_word' id='word_1_211' title='bbox 181 2844 409 2914; x_wconf 75' lang='grc' dir='ltr'>κλησίαι</span> <span class='ocrx_word' id='word_1_212' title='bbox 440 2841 671 2913; x_wconf 79' lang='grc' dir='ltr'>διῴκουν</span> <span class='ocrx_word' id='word_1_213' title='bbox 695 2843 794 2903; x_wconf 70' lang='grc' dir='ltr'>τὰς</span> <span class='ocrx_word' id='word_1_214' title='bbox 813 2842 902 2909; x_wconf 76' lang='grc' dir='ltr'><strong>ὑφ’</strong></span> <span class='ocrx_word' id='word_1_215' title='bbox 932 2840 1135 2902; x_wconf 77' lang='grc' dir='ltr'>ἑαυτάς</span> <span class='ocrx_word' id='word_1_216' title='bbox 1196 2841 1377 2901; x_wconf 85' lang='grc' dir='ltr'>πάσας</span> <span class='ocrx_word' id='word_1_217' title='bbox 1416 2838 1767 2909; x_wconf 81' lang='grc' dir='ltr'>Ἐκκλησίας,</span> 
     </span>
    </p>
   </div>
   <div class='ocr_carea' id='block_1_31' title="bbox 180 2932 1771 3006">
    <p class='ocr_par' dir='ltr' id='par_1_31' title="bbox 180 2932 1771 3006">
     <span class='ocr_line' id='line_1_31' title="bbox 180 2932 1771 3006; baseline -0.004 -18"><span class='ocrx_word' id='word_1_218' title='bbox 180 2938 358 3006; x_wconf 76' lang='grc' dir='ltr'>ἤγουν</span> <span class='ocrx_word' id='word_1_219' title='bbox 398 2938 431 3005; x_wconf 78' lang='grc' dir='ltr'><strong>ἡ</strong></span> <span class='ocrx_word' id='word_1_220' title='bbox 490 2936 705 3005; x_wconf 73' lang='grc' dir='ltr'>Ῥώμη,</span> <span class='ocrx_word' id='word_1_221' title='bbox 742 2937 774 3003; x_wconf 84' lang='grc' dir='ltr'>ἡ</span> <span class='ocrx_word' id='word_1_222' title='bbox 804 2933 1329 3003; x_wconf 74' lang='grc' dir='ltr'>Ἀλ.εξάνδρεια,καὶ</span> <span class='ocrx_word' id='word_1_223' title='bbox 1383 2935 1415 3002; x_wconf 81' lang='grc' dir='ltr'><strong>ἡ</strong></span> <span class='ocrx_word' id='word_1_224' title='bbox 1446 2932 1771 3001; x_wconf 70' lang='grc' dir='ltr'>Ἀντιόχεια,</span> 
     </span>
    </p>
   </div>
   <div class='ocr_carea' id='block_1_32' title="bbox 184 3024 1772 3097">
    <p class='ocr_par' dir='ltr' id='par_1_32' title="bbox 184 3024 1772 3097">
     <span class='ocr_line' id='line_1_32' title="bbox 184 3024 1772 3097; baseline -0.004 -14"><span class='ocrx_word' id='word_1_225' title='bbox 184 3032 282 3084; x_wconf 83' lang='grc' dir='ltr'>καὶ</span> <span class='ocrx_word' id='word_1_226' title='bbox 335 3030 454 3090; x_wconf 77' lang='grc' dir='ltr'><strong>πῶς</strong></span> <span class='ocrx_word' id='word_1_227' title='bbox 490 3029 726 3097; x_wconf 74' lang='grc' dir='ltr'>ἰσότιμοι</span> <span class='ocrx_word' id='word_1_228' title='bbox 791 3029 983 3089; x_wconf 70' lang='grc' dir='ltr'>αὑταῖς</span> <span class='ocrx_word' id='word_1_229' title='bbox 1047 3028 1306 3094; x_wconf 86' lang='grc' dir='ltr'>γεγόνασι</span> <span class='ocrx_word' id='word_1_230' title='bbox 1356 3026 1450 3078; x_wconf 74' lang='grc' dir='ltr'><strong>καὶ</strong></span> <span class='ocrx_word' id='word_1_231' title='bbox 1484 3026 1541 3078; x_wconf 77' lang='grc' dir='ltr'>αἱ</span> <span class='ocrx_word' id='word_1_232' title='bbox 1585 3024 1772 3076; x_wconf 66' lang='grc' dir='ltr'>λοιπαὶ</span> 
     </span>
    </p>
   </div>
   <div class='ocr_carea' id='block_1_33' title="bbox 183 3114 1769 3187">
    <p class='ocr_par' dir='ltr' id='par_1_33' title="bbox 183 3114 1769 3187">
     <span class='ocr_line' id='line_1_33' title="bbox 183 3114 1769 3187; baseline -0.006 -15"><span class='ocrx_word' id='word_1_233' title='bbox 183 3120 282 3172; x_wconf 76' lang='grc' dir='ltr'><strong>δύο</strong></span> <span class='ocrx_word' id='word_1_234' title='bbox 308 3118 660 3185; x_wconf 82' lang='grc' dir='ltr'>Ἐκκλησίαι,</span> <span class='ocrx_word' id='word_1_235' title='bbox 689 3119 722 3187; x_wconf 86' lang='grc' dir='ltr'>ή</span> <span class='ocrx_word' id='word_1_236' title='bbox 767 3116 867 3185; x_wconf 79' lang='grc' dir='ltr'>τῆς</span> <span class='ocrx_word' id='word_1_237' title='bbox 919 3117 1335 3170; x_wconf 83' lang='grc' dir='ltr'>Κωνσταντινου</span> <span class='ocrx_word' id='word_1_238' title='bbox 1376 3115 1581 3176; x_wconf 86' lang='grc' dir='ltr'>πόλεως</span> <span class='ocrx_word' id='word_1_239' title='bbox 1614 3114 1707 3165; x_wconf 79' lang='grc' dir='ltr'><strong>καὶ</strong></span> <span class='ocrx_word' id='word_1_240' title='bbox 1738 3114 1769 3183; x_wconf 78' lang='grc' dir='ltr'><strong>η</strong></span> 
     </span>
    </p>
   </div>
   <div class='ocr_carea' id='block_1_34' title="bbox 182 3202 1843 3303">
    <p class='ocr_par' dir='ltr' id='par_1_34' title="bbox 182 3202 1843 3303">
     <span class='ocr_line' id='line_1_34' title="bbox 182 3202 1843 3303; baseline -0.005 -41"><span class='ocrx_word' id='word_1_241' title='bbox 182 3212 286 3278; x_wconf 65' lang='grc' dir='ltr'>τῆς</span> <span class='ocrx_word' id='word_1_242' title='bbox 340 3208 551 3271; x_wconf 73' lang='grc' dir='ltr'>Λίλίας.</span> <span class='ocrx_word' id='word_1_243' title='bbox 609 3210 728 3279; x_wconf 71' lang='grc' dir='ltr'>ἤτοι</span> <span class='ocrx_word' id='word_1_244' title='bbox 799 3210 909 3261; x_wconf 73' lang='grc' dir='ltr'><strong>τῶν</strong></span> <span class='ocrx_word' id='word_1_245' title='bbox 977 3206 1395 3276; x_wconf 79' lang='grc' dir='ltr'>Ἱεροσολύμων.</span> <span class='ocrx_word' id='word_1_246' title='bbox 1450 3202 1843 3303; x_wconf 63' lang='grc' dir='ltr'>Αἰλίαιγάρο</span> 
     </span>
    </p>
   </div>
   <div class='ocr_carea' id='block_1_35' title="bbox 184 3296 1769 3373">
    <p class='ocr_par' dir='ltr' id='par_1_35' title="bbox 184 3296 1769 3373">
     <span class='ocr_line' id='line_1_35' title="bbox 184 3296 1769 3373; baseline -0.006 -17"><span class='ocrx_word' id='word_1_247' title='bbox 184 3304 505 3372; x_wconf 74' lang='grc' dir='ltr'>ἐκλήθησαν</span> <span class='ocrx_word' id='word_1_248' title='bbox 566 3302 797 3373; x_wconf 78' lang='grc' dir='ltr'>ὕστερον</span> <span class='ocrx_word' id='word_1_249' title='bbox 852 3302 918 3354; x_wconf 81' lang='grc' dir='ltr'><strong>τά</strong></span> <span class='ocrx_word' id='word_1_250' title='bbox 959 3300 1311 3371; x_wconf 82' lang='grc' dir='ltr'>Ἰεροσόλυμα</span> <span class='ocrx_word' id='word_1_251' title='bbox 1349 3300 1414 3351; x_wconf 88' lang='grc' dir='ltr'><strong>ἐκ</strong></span> <span class='ocrx_word' id='word_1_252' title='bbox 1451 3296 1545 3350; x_wconf 79' lang='grc' dir='ltr'>τοῦ</span> <span class='ocrx_word' id='word_1_253' title='bbox 1586 3297 1769 3348; x_wconf 76' lang='grc' dir='ltr'>Αἰλίου</span> 
     </span>
    </p>
   </div>
   <div class='ocr_carea' id='block_1_36' title="bbox 196 3384 1772 3465">
    <p class='ocr_par' dir='ltr' id='par_1_36' title="bbox 196 3384 1772 3465">
     <span class='ocr_line' id='line_1_36' title="bbox 196 3384 1772 3465; baseline -0.006 -17"><span class='ocrx_word' id='word_1_254' title='bbox 196 3394 481 3465; x_wconf 74' lang='grc' dir='ltr'>Ἀδριανοῦ</span> <span class='ocrx_word' id='word_1_255' title='bbox 506 3394 599 3447; x_wconf 83' lang='grc' dir='ltr'>τοῦ</span> <span class='ocrx_word' id='word_1_256' title='bbox 630 3394 912 3463; x_wconf 82' lang='grc' dir='ltr'>Καίσαρος</span> <span class='ocrx_word' id='word_1_257' title='bbox 950 3392 1195 3461; x_wconf 81' lang='grc' dir='ltr'>Ῥώμης.</span> <span class='ocrx_word' id='word_1_258' title='bbox 1217 3384 1388 3452; x_wconf 72' lang='grc' dir='ltr'>Οὗτος</span> <span class='ocrx_word' id='word_1_259' title='bbox 1412 3390 1519 3461; x_wconf 75' lang='grc' dir='ltr'><strong>γὰρ</strong></span> <span class='ocrx_word' id='word_1_260' title='bbox 1544 3389 1772 3456; x_wconf 72' lang='grc' dir='ltr'>ὕστερον</span> 
     </span>
    </p>
   </div>
   <div class='ocr_carea' id='block_1_37' title="bbox 186 3481 1774 3556">
    <p class='ocr_par' dir='ltr' id='par_1_37' title="bbox 186 3481 1774 3556">
     <span class='ocr_line' id='line_1_37' title="bbox 186 3481 1774 3556; baseline -0.004 -17"><span class='ocrx_word' id='word_1_261' title='bbox 186 3488 352 3540; x_wconf 80' lang='grc' dir='ltr'>πάλιν</span> <span class='ocrx_word' id='word_1_262' title='bbox 406 3488 525 3556; x_wconf 80' lang='grc' dir='ltr'>μετ’</span> <span class='ocrx_word' id='word_1_263' title='bbox 557 3485 995 3551; x_wconf 77' lang='grc' dir='ltr'>Οὐεσπασιανὸν,</span> <span class='ocrx_word' id='word_1_264' title='bbox 1034 3488 1128 3537; x_wconf 72' lang='grc' dir='ltr'>καὶ</span> <span class='ocrx_word' id='word_1_265' title='bbox 1179 3486 1339 3538; x_wconf 85' lang='grc' dir='ltr'>Τίτον</span> <span class='ocrx_word' id='word_1_266' title='bbox 1388 3483 1672 3555; x_wconf 75' lang='grc' dir='ltr'>πορθήσας</span> <span class='ocrx_word' id='word_1_267' title='bbox 1704 3481 1774 3533; x_wconf 82' lang='grc' dir='ltr'>τὰ</span> 
     </span>
    </p>
   </div>
   <div class='ocr_carea' id='block_1_38' title="bbox 201 3575 1769 3648">
    <p class='ocr_par' dir='ltr' id='par_1_38' title="bbox 201 3575 1769 3648">
     <span class='ocr_line' id='line_1_38' title="bbox 201 3575 1769 3648; baseline -0.004 -17"><span class='ocrx_word' id='word_1_268' title='bbox 201 3579 554 3648; x_wconf 70' lang='grc' dir='ltr'>Ἱεροσόλυμα</span> <span class='ocrx_word' id='word_1_269' title='bbox 578 3578 666 3630; x_wconf 74' lang='grc' dir='ltr'>διὰ</span> <span class='ocrx_word' id='word_1_270' title='bbox 692 3578 749 3628; x_wconf 84' lang='grc' dir='ltr'><strong>τὸ</strong></span> <span class='ocrx_word' id='word_1_271' title='bbox 776 3578 940 3628; x_wconf 66' lang='grc' dir='ltr'>πάλιν</span> <span class='ocrx_word' id='word_1_272' title='bbox 968 3577 1257 3628; x_wconf 72' lang='grc' dir='ltr'>στασιάσαι</span> <span class='ocrx_word' id='word_1_273' title='bbox 1294 3576 1420 3636; x_wconf 75' lang='grc' dir='ltr'>τοὺς</span> <span class='ocrx_word' id='word_1_274' title='bbox 1455 3575 1769 3636; x_wconf 78' lang='grc' dir='ltr'>Ἰουδαίους,</span> 
     </span>
    </p>
   </div>
   <div class='ocr_carea' id='block_1_39' title="bbox 187 3663 1773 3737">
    <p class='ocr_par' dir='ltr' id='par_1_39' title="bbox 187 3663 1773 3737">
     <span class='ocr_line' id='line_1_39' title="bbox 187 3663 1773 3737; baseline -0.004 -17"><span class='ocrx_word' id='word_1_275' title='bbox 187 3668 488 3737; x_wconf 72' lang='grc' dir='ltr'>θυμωθεὶς,</span> <span class='ocrx_word' id='word_1_276' title='bbox 544 3667 742 3727; x_wconf 72' lang='grc' dir='ltr'>αὐτούς</span> <span class='ocrx_word' id='word_1_277' title='bbox 793 3683 850 3717; x_wconf 86' lang='grc' dir='ltr'><strong>τε</strong></span> <span class='ocrx_word' id='word_1_278' title='bbox 907 3665 1290 3734; x_wconf 79' lang='grc' dir='ltr'>διεσκόρπισεν</span> <span class='ocrx_word' id='word_1_279' title='bbox 1329 3666 1407 3727; x_wconf 78' lang='grc' dir='ltr'><strong>εἰς</strong></span> <span class='ocrx_word' id='word_1_280' title='bbox 1450 3666 1631 3716; x_wconf 83' lang='grc' dir='ltr'>πᾶσαν</span> <span class='ocrx_word' id='word_1_281' title='bbox 1672 3663 1773 3733; x_wconf 86' lang='grc' dir='ltr'><strong>τὴν</strong></span> 
     </span>
    </p>
   </div>
   <div class='ocr_carea' id='block_1_40' title="bbox 183 3754 1773 3829">
    <p class='ocr_par' dir='ltr' id='par_1_40' title="bbox 183 3754 1773 3829">
     <span class='ocr_line' id='line_1_40' title="bbox 183 3754 1773 3829; baseline -0.003 -17"><span class='ocrx_word' id='word_1_282' title='bbox 183 3760 541 3829; x_wconf 78' lang='grc' dir='ltr'>οἰκουμένην,</span> <span class='ocrx_word' id='word_1_283' title='bbox 567 3758 783 3820; x_wconf 73' lang='grc' dir='ltr'>εὐώνως</span> <span class='ocrx_word' id='word_1_284' title='bbox 819 3757 1079 3827; x_wconf 77' lang='grc' dir='ltr'>πωλήσας</span> <span class='ocrx_word' id='word_1_285' title='bbox 1110 3758 1331 3819; x_wconf 71' lang='grc' dir='ltr'>αὐτοὺς,</span> <span class='ocrx_word' id='word_1_286' title='bbox 1357 3758 1450 3809; x_wconf 71' lang='grc' dir='ltr'><strong>καὶ</strong></span> <span class='ocrx_word' id='word_1_287' title='bbox 1495 3757 1585 3809; x_wconf 85' lang='grc' dir='ltr'><strong>τὸν</strong></span> <span class='ocrx_word' id='word_1_288' title='bbox 1637 3754 1773 3808; x_wconf 84' lang='grc' dir='ltr'>καθ·</span> 
     </span>
    </p>
   </div>
   <div class='ocr_carea' id='block_1_41' title="bbox 190 3845 1773 3918">
    <p class='ocr_par' dir='ltr' id='par_1_41' title="bbox 190 3845 1773 3918">
     <span class='ocr_line' id='line_1_41' title="bbox 190 3845 1773 3918; baseline -0.002 -17"><span class='ocrx_word' id='word_1_289' title='bbox 190 3852 288 3902; x_wconf 80' lang='grc' dir='ltr'>ἐνα</span> <span class='ocrx_word' id='word_1_290' title='bbox 323 3848 639 3918; x_wconf 81' lang='grc' dir='ltr'>προστάξας</span> <span class='ocrx_word' id='word_1_291' title='bbox 684 3846 988 3900; x_wconf 79' lang='grc' dir='ltr'>πωλεῖσθαι</span> <span class='ocrx_word' id='word_1_292' title='bbox 1038 3850 1127 3898; x_wconf 85' lang='grc' dir='ltr'>ἐπ’</span> <span class='ocrx_word' id='word_1_293' title='bbox 1149 3848 1304 3917; x_wconf 78' lang='grc' dir='ltr'>ὀλίγῃ</span> <span class='ocrx_word' id='word_1_294' title='bbox 1336 3848 1518 3917; x_wconf 78' lang='grc' dir='ltr'>κριθῇ,</span> <span class='ocrx_word' id='word_1_295' title='bbox 1553 3849 1645 3899; x_wconf 79' lang='grc' dir='ltr'><strong>καὶ</strong></span> <span class='ocrx_word' id='word_1_296' title='bbox 1675 3845 1773 3916; x_wconf 86' lang='grc' dir='ltr'>τὴν</span> 
     </span>
    </p>
   </div>
   <div class='ocr_carea' id='block_1_42' title="bbox 187 3940 1773 4011">
    <p class='ocr_par' dir='ltr' id='par_1_42' title="bbox 187 3940 1773 4011">
     <span class='ocr_line' id='line_1_42' title="bbox 187 3940 1773 4011; baseline -0.001 -16"><span class='ocrx_word' id='word_1_297' title='bbox 187 3944 347 3995; x_wconf 77' lang='grc' dir='ltr'>πόλιν</span> <span class='ocrx_word' id='word_1_298' title='bbox 406 3942 752 4009; x_wconf 66' lang='grc' dir='ltr'>ἀνασκάψας,</span> <span class='ocrx_word' id='word_1_299' title='bbox 782 3942 877 3992; x_wconf 70' lang='grc' dir='ltr'><strong>καὶ</strong></span> <span class='ocrx_word' id='word_1_300' title='bbox 924 3942 1017 3991; x_wconf 67' lang='grc' dir='ltr'>τὸν</span> <span class='ocrx_word' id='word_1_301' title='bbox 1067 3940 1214 4004; x_wconf 78' lang='grc' dir='ltr'>ναὸν,</span> <span class='ocrx_word' id='word_1_302' title='bbox 1251 3942 1638 4011; x_wconf 74' lang='grc' dir='ltr'>ἀνῳκοδόμησε</span> <span class='ocrx_word' id='word_1_303' title='bbox 1675 3942 1773 4010; x_wconf 79' lang='grc' dir='ltr'>τὴν</span> 
     </span>
    </p>
   </div>
   <div class='ocr_carea' id='block_1_43' title="bbox 156 4029 1775 4100">
    <p class='ocr_par' dir='ltr' id='par_1_43' title="bbox 156 4029 1775 4100">
     <span class='ocr_line' id='line_1_43' title="bbox 156 4029 1775 4100; baseline -0.002 -15"><span class='ocrx_word' id='word_1_304' title='bbox 156 4035 345 4085; x_wconf 78' lang='grc' dir='ltr'>,πόλιν</span> <span class='ocrx_word' id='word_1_305' title='bbox 374 4034 471 4085; x_wconf 77' lang='grc' dir='ltr'><strong>ἐπὶ</strong></span> <span class='ocrx_word' id='word_1_306' title='bbox 508 4029 586 4100; x_wconf 85' lang='grc' dir='ltr'>τῷ</span> <span class='ocrx_word' id='word_1_307' title='bbox 616 4032 731 4099; x_wconf 85' lang='grc' dir='ltr'>ἱδ.ῳ</span> <span class='ocrx_word' id='word_1_308' title='bbox 774 4030 1028 4099; x_wconf 84' lang='grc' dir='ltr'>ὀνόματι,</span> <span class='ocrx_word' id='word_1_309' title='bbox 1057 4031 1151 4082; x_wconf 70' lang='grc' dir='ltr'>καὶ</span> <span class='ocrx_word' id='word_1_310' title='bbox 1208 4031 1298 4083; x_wconf 74' lang='grc' dir='ltr'>τὸν</span> <span class='ocrx_word' id='word_1_311' title='bbox 1332 4032 1482 4096; x_wconf 73' lang='grc' dir='ltr'>ναὸν,</span> <span class='ocrx_word' id='word_1_312' title='bbox 1517 4032 1650 4083; x_wconf 81' lang='grc' dir='ltr'>ὅπου</span> <span class='ocrx_word' id='word_1_313' title='bbox 1679 4032 1775 4082; x_wconf 63' lang='grc' dir='ltr'><strong>καλ⁵</strong></span> 
     </span>
    </p>
   </div>
   <div class='ocr_carea' id='block_1_44' title="bbox 185 4120 1776 4191">
    <p class='ocr_par' dir='ltr' id='par_1_44' title="bbox 185 4120 1776 4191">
     <span class='ocr_line' id='line_1_44' title="bbox 185 4120 1776 4191; baseline -0.004 -14"><span class='ocrx_word' id='word_1_314' title='bbox 185 4127 249 4177; x_wconf 70' lang='grc' dir='ltr'>τὸ</span> <span class='ocrx_word' id='word_1_315' title='bbox 281 4126 483 4175; x_wconf 79' lang='grc' dir='ltr'>οἰκεῖον</span> <span class='ocrx_word' id='word_1_316' title='bbox 508 4122 726 4174; x_wconf 76' lang='grc' dir='ltr'>εἴδωλον</span> <span class='ocrx_word' id='word_1_317' title='bbox 755 4122 985 4190; x_wconf 83' lang='grc' dir='ltr'>ἔστησεν</span> <span class='ocrx_word' id='word_1_318' title='bbox 1042 4124 1126 4183; x_wconf 84' lang='grc' dir='ltr'>εἰς</span> <span class='ocrx_word' id='word_1_319' title='bbox 1174 4122 1567 4191; x_wconf 75' lang='grc' dir='ltr'>προσκύνησιν,</span> <span class='ocrx_word' id='word_1_320' title='bbox 1596 4120 1657 4172; x_wconf 78' lang='grc' dir='ltr'>τὸ</span> <span class='ocrx_word' id='word_1_321' title='bbox 1689 4121 1776 4172; x_wconf 81' lang='grc' dir='ltr'><strong>ὅν-</strong></span> 
     </span>
    </p>
   </div>
   <div class='ocr_carea' id='block_1_45' title="bbox 193 4207 1775 4282">
    <p class='ocr_par' dir='ltr' id='par_1_45' title="bbox 193 4207 1775 4282">
     <span class='ocr_line' id='line_1_45' title="bbox 193 4207 1775 4282; baseline -0.004 -14"><span class='ocrx_word' id='word_1_322' title='bbox 193 4232 302 4275; x_wconf 87' lang='grc' dir='ltr'><strong>τως</strong></span> <span class='ocrx_word' id='word_1_323' title='bbox 336 4213 614 4282; x_wconf 77' lang='grc' dir='ltr'>βδέλυγμα</span> <span class='ocrx_word' id='word_1_324' title='bbox 644 4210 740 4280; x_wconf 84' lang='grc' dir='ltr'>τῆς</span> <span class='ocrx_word' id='word_1_325' title='bbox 782 4210 1153 4279; x_wconf 84' lang='grc' dir='ltr'>ἐρημώσεως,</span> <span class='ocrx_word' id='word_1_326' title='bbox 1188 4215 1281 4263; x_wconf 75' lang='grc' dir='ltr'><strong>καὶ</strong></span> <span class='ocrx_word' id='word_1_327' title='bbox 1342 4209 1647 4279; x_wconf 78' lang='grc' dir='ltr'>προσέταξε</span> <span class='ocrx_word' id='word_1_328' title='bbox 1680 4207 1775 4261; x_wconf 81' lang='grc' dir='ltr'>τοῦ</span> 
     </span>
    </p>
   </div>
   <div class='ocr_carea' id='block_1_46' title="bbox 192 4300 1775 4374">
    <p class='ocr_par' dir='ltr' id='par_1_46' title="bbox 192 4300 1775 4374">
     <span class='ocr_line' id='line_1_46' title="bbox 192 4300 1775 4374; baseline -0.006 -14"><span class='ocrx_word' id='word_1_329' title='bbox 192 4306 388 4361; x_wconf 83' lang='grc' dir='ltr'>λοιποῦ</span> <span class='ocrx_word' id='word_1_330' title='bbox 425 4304 531 4356; x_wconf 68' lang='grc' dir='ltr'><strong>ἀπὸ</strong></span> <span class='ocrx_word' id='word_1_331' title='bbox 560 4302 655 4355; x_wconf 80' lang='grc' dir='ltr'>τοῦ</span> <span class='ocrx_word' id='word_1_332' title='bbox 696 4302 831 4356; x_wconf 76' lang='grc' dir='ltr'>ἰδίου</span> <span class='ocrx_word' id='word_1_333' title='bbox 866 4304 1131 4372; x_wconf 77' lang='grc' dir='ltr'>ὀνόματος</span> <span class='ocrx_word' id='word_1_334' title='bbox 1171 4305 1272 4374; x_wconf 78' lang='grc' dir='ltr'>τὴν</span> <span class='ocrx_word' id='word_1_335' title='bbox 1302 4301 1459 4355; x_wconf 83' lang='grc' dir='ltr'>πόλιν</span> <span class='ocrx_word' id='word_1_336' title='bbox 1490 4300 1775 4354; x_wconf 85' lang='grc' dir='ltr'>καλεῖσθαι</span> 
     </span>
    </p>
   </div>
   <div class='ocr_carea' id='block_1_47' title="bbox 188 4400 408 4454">
    <p class='ocr_par' dir='ltr' id='par_1_47' title="bbox 188 4400 408 4454">
     <span class='ocr_line' id='line_1_47' title="bbox 188 4400 408 4454; baseline -0.014 0"><span class='ocrx_word' id='word_1_337' title='bbox 188 4400 408 4454; x_wconf 70' lang='grc' dir='ltr'>Αἰλίαν.</span> 
     </span>
    </p>
   </div>
   <div class='ocr_carea' id='block_1_48' title="bbox 257 4489 1776 4564">
    <p class='ocr_par' dir='ltr' id='par_1_48' title="bbox 257 4489 1776 4564">
     <span class='ocr_line' id='line_1_48' title="bbox 257 4489 1776 4564; baseline 0.001 -18"><span class='ocrx_word' id='word_1_338' title='bbox 257 4493 492 4548; x_wconf 54' lang='lat' dir='ltr'><strong>armis:</strong></span> <span class='ocrx_word' id='word_1_339' title='bbox 531 4491 705 4555; x_wconf 82' lang='grc' dir='ltr'>ταῦτα</span> <span class='ocrx_word' id='word_1_340' title='bbox 732 4490 970 4561; x_wconf 74' lang='grc' dir='ltr'>ἐτιμήθη</span> <span class='ocrx_word' id='word_1_341' title='bbox 1005 4492 1096 4543; x_wconf 77' lang='grc' dir='ltr'>καὶ</span> <span class='ocrx_word' id='word_1_342' title='bbox 1132 4492 1161 4543; x_wconf 84' lang='grc' dir='ltr'>ὁ</span> <span class='ocrx_word' id='word_1_343' title='bbox 1179 4491 1365 4561; x_wconf 78' lang='grc' dir='ltr'>θρόνος</span> <span class='ocrx_word' id='word_1_344' title='bbox 1383 4489 1776 4564; x_wconf 80' lang='grc' dir='ltr'>Ἰεροσολύμων</span> 
     </span>
    </p>
   </div>
   <div class='ocr_carea' id='block_1_49' title="bbox 1871 620 3458 694">
    <p class='ocr_par' dir='ltr' id='par_1_49' title="bbox 1871 620 3458 694">
     <span class='ocr_line' id='line_1_49' title="bbox 1871 620 3458 694; baseline 0.008 -23"><span class='ocrx_word' id='word_1_345' title='bbox 1871 620 1978 672; x_wconf 90' lang='lat' dir='ltr'><strong>illis</strong></span> <span class='ocrx_word' id='word_1_346' title='bbox 2032 620 2472 689; x_wconf 83' lang='lat' dir='ltr'><strong>archicpiscopos</strong></span> <span class='ocrx_word' id='word_1_347' title='bbox 2527 624 2951 689; x_wconf 88' lang='lat' dir='ltr'><strong>constituebant,</strong></span> <span class='ocrx_word' id='word_1_348' title='bbox 3012 629 3104 694; x_wconf 88' lang='lat' dir='ltr'><strong>qui</strong></span> <span class='ocrx_word' id='word_1_349' title='bbox 3162 630 3336 682; x_wconf 86' lang='lat' dir='ltr'><strong>nullus</strong></span> <span class='ocrx_word' id='word_1_350' title='bbox 3358 632 3458 685; x_wconf 89' lang='lat' dir='ltr'><strong>sub</strong></span> 
     </span>
    </p>
   </div>
   <div class='ocr_carea' id='block_1_50' title="bbox 1870 711 3456 784">
    <p class='ocr_par' dir='ltr' id='par_1_50' title="bbox 1870 711 3456 784">
     <span class='ocr_line' id='line_1_50' title="bbox 1870 711 3456 784; baseline 0.009 -20"><span class='ocrx_word' id='word_1_351' title='bbox 1870 726 1930 765; x_wconf 81' lang='lat' dir='ltr'><strong>se.</strong></span> <span class='ocrx_word' id='word_1_352' title='bbox 1975 711 2263 780; x_wconf 78' lang='lat' dir='ltr'><strong>episcopos</strong></span> <span class='ocrx_word' id='word_1_353' title='bbox 2312 714 2601 770; x_wconf 84' lang='lat' dir='ltr'><strong>habebant.</strong></span> <span class='ocrx_word' id='word_1_354' title='bbox 2670 715 2948 784; x_wconf 73' lang='lat' dir='ltr'><strong>Siquidem</strong></span> <span class='ocrx_word' id='word_1_355' title='bbox 2999 720 3130 772; x_wconf 87' lang='lat' dir='ltr'><strong>duos</strong></span> <span class='ocrx_word' id='word_1_356' title='bbox 3172 723 3222 774; x_wconf 88' lang='lat' dir='ltr'><strong>in</strong></span> <span class='ocrx_word' id='word_1_357' title='bbox 3264 723 3456 778; x_wconf 87' lang='lat' dir='ltr'><strong>eadem</strong></span> 
     </span>
    </p>
   </div>
   <div class='ocr_carea' id='block_1_51' title="bbox 1870 808 3456 890">
    <p class='ocr_par' dir='ltr' id='par_1_51' title="bbox 1870 808 3456 890">
     <span class='ocr_line' id='line_1_51' title="bbox 1870 808 3456 890; baseline 0.006 -31"><span class='ocrx_word' id='word_1_358' title='bbox 1870 808 2152 877; x_wconf 84' lang='lat' dir='ltr'><strong>provincia</strong></span> <span class='ocrx_word' id='word_1_359' title='bbox 2205 809 2651 878; x_wconf 87' lang='lat' dir='ltr'><strong>metropolitauos</strong></span> <span class='ocrx_word' id='word_1_360' title='bbox 2696 827 2818 866; x_wconf 91' lang='lat' dir='ltr'><strong>esse</strong></span> <span class='ocrx_word' id='word_1_361' title='bbox 2840 812 2983 865; x_wconf 88' lang='lat' dir='ltr'><strong>haud</strong></span> <span class='ocrx_word' id='word_1_362' title='bbox 3016 815 3295 882; x_wconf 83' lang='lat' dir='ltr'><strong>probatum</strong></span> <span class='ocrx_word' id='word_1_363' title='bbox 3338 828 3456 890; x_wconf 60' lang='lat' dir='ltr'><strong>est;</strong></span> 
     </span>
    </p>
   </div>
   <div class='ocr_carea' id='block_1_52' title="bbox 1871 900 3457 977">
    <p class='ocr_par' dir='ltr' id='par_1_52' title="bbox 1871 900 3457 977">
     <span class='ocr_line' id='line_1_52' title="bbox 1871 900 3457 977; baseline 0.009 -25"><span class='ocrx_word' id='word_1_364' title='bbox 1871 900 1973 953; x_wconf 88' lang='lat' dir='ltr'><strong>nisi</strong></span> <span class='ocrx_word' id='word_1_365' title='bbox 2032 910 2218 967; x_wconf 85' lang='lat' dir='ltr'><strong>postea</strong></span> <span class='ocrx_word' id='word_1_366' title='bbox 2291 901 2638 968; x_wconf 81' lang='lat' dir='ltr'><strong>imperatoria</strong></span> <span class='ocrx_word' id='word_1_367' title='bbox 2731 903 3056 959; x_wconf 88' lang='lat' dir='ltr'><strong>liberalitate</strong></span> <span class='ocrx_word' id='word_1_368' title='bbox 3119 907 3457 977; x_wconf 69' lang='lat' dir='ltr'><strong>cpisiOpatns</strong></span> 
     </span>
    </p>
   </div>
   <div class='ocr_carea' id='block_1_53' title="bbox 1870 993 3457 1067">
    <p class='ocr_par' dir='ltr' id='par_1_53' title="bbox 1870 993 3457 1067">
     <span class='ocr_line' id='line_1_53' title="bbox 1870 993 3457 1067; baseline 0.009 -24"><span class='ocrx_word' id='word_1_369' title='bbox 1870 993 2142 1061; x_wconf 85' lang='lat' dir='ltr'><strong>quispiam</strong></span> <span class='ocrx_word' id='word_1_370' title='bbox 2206 1006 2237 1045; x_wconf 86' lang='lat' dir='ltr'><strong>a</strong></span> <span class='ocrx_word' id='word_1_371' title='bbox 2307 1009 2401 1046; x_wconf 90' lang='lat' dir='ltr'><strong>sua</strong></span> <span class='ocrx_word' id='word_1_372' title='bbox 2440 994 2725 1062; x_wconf 84' lang='lat' dir='ltr'><strong>metropoli</strong></span> <span class='ocrx_word' id='word_1_373' title='bbox 2751 999 2989 1064; x_wconf 77' lang='lat' dir='ltr'><strong>excisus,</strong></span> <span class='ocrx_word' id='word_1_374' title='bbox 3032 1000 3083 1051; x_wconf 87' lang='lat' dir='ltr'><strong>in</strong></span> <span class='ocrx_word' id='word_1_375' title='bbox 3145 1004 3457 1067; x_wconf 25' lang='lat' dir='ltr'><strong>tmtroglo&#39;is</strong></span> 
     </span>
    </p>
   </div>
   <div class='ocr_carea' id='block_1_54' title="bbox 1870 1085 3458 1159">
    <p class='ocr_par' dir='ltr' id='par_1_54' title="bbox 1870 1085 3458 1159">
     <span class='ocr_line' id='line_1_54' title="bbox 1870 1085 3458 1159; baseline 0.004 -21"><span class='ocrx_word' id='word_1_376' title='bbox 1870 1085 2189 1150; x_wconf 73' lang='lat' dir='ltr'><strong>dignitatem</strong></span> <span class='ocrx_word' id='word_1_377' title='bbox 2236 1095 2550 1154; x_wconf 89' lang='lat' dir='ltr'><strong>assumptus</strong></span> <span class='ocrx_word' id='word_1_378' title='bbox 2589 1086 2790 1149; x_wconf 71' lang='lat' dir='ltr'><strong>interit;</strong></span> <span class='ocrx_word' id='word_1_379' title='bbox 2848 1089 2928 1141; x_wconf 86' lang='lat' dir='ltr'><strong>vel</strong></span> <span class='ocrx_word' id='word_1_380' title='bbox 2961 1090 3458 1159; x_wconf 66' lang='lat' dir='ltr'><strong>archiepiscopatus</strong></span> 
     </span>
    </p>
   </div>
   <div class='ocr_carea' id='block_1_55' title="bbox 1874 1178 3458 1249">
    <p class='ocr_par' dir='ltr' id='par_1_55' title="bbox 1874 1178 3458 1249">
     <span class='ocr_line' id='line_1_55' title="bbox 1874 1178 3458 1249; baseline 0.005 -18"><span class='ocrx_word' id='word_1_381' title='bbox 1874 1190 2096 1246; x_wconf 86' lang='lat' dir='ltr'><strong>propter</strong></span> <span class='ocrx_word' id='word_1_382' title='bbox 2134 1178 2398 1246; x_wconf 85' lang='lat' dir='ltr'><strong>episcopi.</strong></span> <span class='ocrx_word' id='word_1_383' title='bbox 2426 1179 2514 1245; x_wconf 90' lang='lat' dir='ltr'><strong>qui</strong></span> <span class='ocrx_word' id='word_1_384' title='bbox 2552 1188 2679 1231; x_wconf 84' lang='lat' dir='ltr'><strong>tunc</strong></span> <span class='ocrx_word' id='word_1_385' title='bbox 2712 1179 2943 1236; x_wconf 73' lang='lat' dir='ltr'><strong>vivebat.</strong></span> <span class='ocrx_word' id='word_1_386' title='bbox 2991 1187 3376 1249; x_wconf 61' lang='lat' dir='ltr'><strong>pv&#39;mstautinm,</strong></span> <span class='ocrx_word' id='word_1_387' title='bbox 3404 1194 3458 1239; x_wconf 81' lang='lat' dir='ltr'><strong>et</strong></span> 
     </span>
    </p>
   </div>
   <div class='ocr_carea' id='block_1_56' title="bbox 1873 1270 3457 1338">
    <p class='ocr_par' dir='ltr' id='par_1_56' title="bbox 1873 1270 3457 1338">
     <span class='ocr_line' id='line_1_56' title="bbox 1873 1270 3457 1338; baseline 0.004 -15"><span class='ocrx_word' id='word_1_388' title='bbox 1873 1271 1987 1323; x_wconf 84' lang='lat' dir='ltr'><strong>haec</strong></span> <span class='ocrx_word' id='word_1_389' title='bbox 2032 1270 2248 1338; x_wconf 80' lang='lat' dir='ltr'><strong>quidem</strong></span> <span class='ocrx_word' id='word_1_390' title='bbox 2300 1271 2613 1336; x_wconf 83' lang='lat' dir='ltr'><strong>metropolis</strong></span> <span class='ocrx_word' id='word_1_391' title='bbox 2650 1270 2868 1335; x_wconf 88' lang='lat' dir='ltr'><strong>dicitur,</strong></span> <span class='ocrx_word' id='word_1_392' title='bbox 2931 1272 3055 1325; x_wconf 84' lang='lat' dir='ltr'><strong>licet</strong></span> <span class='ocrx_word' id='word_1_393' title='bbox 3109 1274 3281 1327; x_wconf 90' lang='lat' dir='ltr'><strong>nullas</strong></span> <span class='ocrx_word' id='word_1_394' title='bbox 3325 1276 3457 1329; x_wconf 82' lang='lat' dir='ltr'><strong>alias</strong></span> 
     </span>
    </p>
   </div>
   <div class='ocr_carea' id='block_1_57' title="bbox 1874 1361 3460 1431">
    <p class='ocr_par' dir='ltr' id='par_1_57' title="bbox 1874 1361 3460 1431">
     <span class='ocr_line' id='line_1_57' title="bbox 1874 1361 3460 1431; baseline 0.005 -19"><span class='ocrx_word' id='word_1_395' title='bbox 1874 1363 2037 1415; x_wconf 83' lang='lat' dir='ltr'><strong>nrbes</strong></span> <span class='ocrx_word' id='word_1_396' title='bbox 2078 1361 2179 1414; x_wconf 85' lang='lat' dir='ltr'><strong>sub</strong></span> <span class='ocrx_word' id='word_1_397' title='bbox 2209 1377 2267 1416; x_wconf 88' lang='lat' dir='ltr'><strong>se</strong></span> <span class='ocrx_word' id='word_1_398' title='bbox 2300 1362 2518 1420; x_wconf 69' lang='lat' dir='ltr'><strong>habeat,</strong></span> <span class='ocrx_word' id='word_1_399' title='bbox 2574 1370 2665 1414; x_wconf 87' lang='lat' dir='ltr'><strong>aut</strong></span> <span class='ocrx_word' id='word_1_400' title='bbox 2693 1363 3060 1431; x_wconf 79' lang='lat' dir='ltr'><strong>episcopatus.</strong></span> <span class='ocrx_word' id='word_1_401' title='bbox 3086 1380 3314 1431; x_wconf 87' lang='lat' dir='ltr'><strong>quorum</strong></span> <span class='ocrx_word' id='word_1_402' title='bbox 3348 1384 3460 1420; x_wconf 72' lang='lat' dir='ltr'><strong>tue-</strong></span> 
     </span>
    </p>
   </div>
   <div class='ocr_carea' id='block_1_58' title="bbox 1873 1448 3455 1521">
    <p class='ocr_par' dir='ltr' id='par_1_58' title="bbox 1873 1448 3455 1521">
     <span class='ocr_line' id='line_1_58' title="bbox 1873 1448 3455 1521; baseline 0.002 -17"><span class='ocrx_word' id='word_1_403' title='bbox 1873 1451 2099 1516; x_wconf 76' lang='lat' dir='ltr'><strong>tt-Opolis</strong></span> <span class='ocrx_word' id='word_1_404' title='bbox 2133 1450 2312 1504; x_wconf 84' lang='lat' dir='ltr'><strong>fuerit.</strong></span> <span class='ocrx_word' id='word_1_405' title='bbox 2351 1448 2583 1504; x_wconf 73' lang='lat' dir='ltr'><strong>Exarclii</strong></span> <span class='ocrx_word' id='word_1_406' title='bbox 2616 1451 2796 1519; x_wconf 81' lang='lat' dir='ltr'><strong>itaque</strong></span> <span class='ocrx_word' id='word_1_407' title='bbox 2820 1455 3218 1521; x_wconf 88' lang='lat' dir='ltr'><strong>provinciarntu</strong></span> <span class='ocrx_word' id='word_1_408' title='bbox 3251 1456 3352 1509; x_wconf 88' lang='lat' dir='ltr'><strong>sub</strong></span> <span class='ocrx_word' id='word_1_409' title='bbox 3374 1471 3455 1520; x_wconf 71' lang='lat' dir='ltr'><strong>se,</strong></span> 
     </span>
    </p>
   </div>
   <div class='ocr_carea' id='block_1_59' title="bbox 1871 1543 3458 1617">
    <p class='ocr_par' dir='ltr' id='par_1_59' title="bbox 1871 1543 3458 1617">
     <span class='ocr_line' id='line_1_59' title="bbox 1871 1543 3458 1617; baseline 0.003 -22"><span class='ocrx_word' id='word_1_410' title='bbox 1871 1554 1929 1596; x_wconf 80' lang='grc' dir='ltr'><strong>ιιι</strong></span> <span class='ocrx_word' id='word_1_411' title='bbox 1965 1544 2192 1607; x_wconf 85' lang='lat' dir='ltr'><strong>videtur,</strong></span> <span class='ocrx_word' id='word_1_412' title='bbox 2218 1543 2659 1612; x_wconf 82' lang='lat' dir='ltr'><strong>metropolilauos</strong></span> <span class='ocrx_word' id='word_1_413' title='bbox 2724 1545 3011 1609; x_wconf 85' lang='lat' dir='ltr'><strong>habebant,</strong></span> <span class='ocrx_word' id='word_1_414' title='bbox 3062 1561 3264 1617; x_wconf 85' lang='lat' dir='ltr'><strong>eosque</strong></span> <span class='ocrx_word' id='word_1_415' title='bbox 3306 1549 3458 1601; x_wconf 75' lang='lat' dir='ltr'><strong>ordi-</strong></span> 
     </span>
    </p>
   </div>
   <div class='ocr_carea' id='block_1_60' title="bbox 1874 1634 3459 1704">
    <p class='ocr_par' dir='ltr' id='par_1_60' title="bbox 1874 1634 3459 1704">
     <span class='ocr_line' id='line_1_60' title="bbox 1874 1634 3459 1704; baseline 0 -17"><span class='ocrx_word' id='word_1_416' title='bbox 1874 1635 2098 1692; x_wconf 85' lang='lat' dir='ltr'><strong>nabant.</strong></span> <span class='ocrx_word' id='word_1_417' title='bbox 2162 1634 2416 1687; x_wconf 83' lang='lat' dir='ltr'><strong>similiter</strong></span> <span class='ocrx_word' id='word_1_418' title='bbox 2440 1643 2489 1687; x_wconf 90' lang='lat' dir='ltr'><strong>et</strong></span> <span class='ocrx_word' id='word_1_419' title='bbox 2527 1634 2987 1703; x_wconf 83' lang='lat' dir='ltr'><strong>archiepiscopos,</strong></span> <span class='ocrx_word' id='word_1_420' title='bbox 3012 1636 3210 1703; x_wconf 86' lang='lat' dir='ltr'><strong>quibus</strong></span> <span class='ocrx_word' id='word_1_421' title='bbox 3231 1636 3353 1704; x_wconf 86' lang='lat' dir='ltr'><strong>jura</strong></span> <span class='ocrx_word' id='word_1_422' title='bbox 3376 1636 3459 1689; x_wconf 90' lang='lat' dir='ltr'><strong>di-</strong></span> 
     </span>
    </p>
   </div>
   <div class='ocr_carea' id='block_1_61' title="bbox 1874 1724 3458 1796">
    <p class='ocr_par' dir='ltr' id='par_1_61' title="bbox 1874 1724 3458 1796">
     <span class='ocr_line' id='line_1_61' title="bbox 1874 1724 3458 1796; baseline 0.001 -18"><span class='ocrx_word' id='word_1_423' title='bbox 1874 1725 2092 1789; x_wconf 88' lang='lat' dir='ltr'><strong>cebant,</strong></span> <span class='ocrx_word' id='word_1_424' title='bbox 2127 1724 2528 1791; x_wconf 86' lang='lat' dir='ltr'><strong>metropolitani</strong></span> <span class='ocrx_word' id='word_1_425' title='bbox 2556 1740 2685 1781; x_wconf 88' lang='lat' dir='ltr'><strong>vero</strong></span> <span class='ocrx_word' id='word_1_426' title='bbox 2736 1727 2982 1782; x_wconf 90' lang='lat' dir='ltr'><strong>subditos</strong></span> <span class='ocrx_word' id='word_1_427' title='bbox 3007 1728 3106 1780; x_wconf 87' lang='lat' dir='ltr'><strong>sibi</strong></span> <span class='ocrx_word' id='word_1_428' title='bbox 3149 1729 3202 1781; x_wconf 89' lang='lat' dir='ltr'><strong>in</strong></span> <span class='ocrx_word' id='word_1_429' title='bbox 3232 1742 3292 1782; x_wconf 91' lang='lat' dir='ltr'><strong>ea</strong></span> <span class='ocrx_word' id='word_1_430' title='bbox 3333 1744 3458 1796; x_wconf 87' lang='lat' dir='ltr'><strong>pro-</strong></span> 
     </span>
    </p>
   </div>
   <div class='ocr_carea' id='block_1_62' title="bbox 1875 1816 3456 1891">
    <p class='ocr_par' dir='ltr' id='par_1_62' title="bbox 1875 1816 3456 1891">
     <span class='ocr_line' id='line_1_62' title="bbox 1875 1816 3456 1891; baseline 0.002 -21"><span class='ocrx_word' id='word_1_431' title='bbox 1875 1816 2049 1872; x_wconf 82' lang='lat' dir='ltr'><strong>vincia</strong></span> <span class='ocrx_word' id='word_1_432' title='bbox 2097 1816 2399 1887; x_wconf 81' lang='lat' dir='ltr'><strong>episcopos.</strong></span> <span class='ocrx_word' id='word_1_433' title='bbox 2463 1817 2696 1873; x_wconf 82' lang='lat' dir='ltr'><strong>Exarchi</strong></span> <span class='ocrx_word' id='word_1_434' title='bbox 2754 1835 2942 1875; x_wconf 64' lang='lat' dir='ltr'><strong>omnes</strong></span> <span class='ocrx_word' id='word_1_435' title='bbox 2994 1822 3214 1890; x_wconf 87' lang='lat' dir='ltr'><strong>proprio</strong></span> <span class='ocrx_word' id='word_1_436' title='bbox 3272 1822 3456 1891; x_wconf 71' lang='lat' dir='ltr'><strong>capiti,</strong></span> 
     </span>
    </p>
   </div>
   <div class='ocr_carea' id='block_1_63' title="bbox 1874 1911 3457 1984">
    <p class='ocr_par' dir='ltr' id='par_1_63' title="bbox 1874 1911 3457 1984">
     <span class='ocr_line' id='line_1_63' title="bbox 1874 1911 3457 1984; baseline 0.001 -16"><span class='ocrx_word' id='word_1_437' title='bbox 1874 1923 1926 1968; x_wconf 90' lang='lat' dir='ltr'><strong>et</strong></span> <span class='ocrx_word' id='word_1_438' title='bbox 1978 1912 2244 1983; x_wconf 86' lang='lat' dir='ltr'><strong>superiori</strong></span> <span class='ocrx_word' id='word_1_439' title='bbox 2307 1911 2503 1967; x_wconf 87' lang='lat' dir='ltr'><strong>throno</strong></span> <span class='ocrx_word' id='word_1_440' title='bbox 2549 1912 2769 1967; x_wconf 77' lang='lat' dir='ltr'><strong>obnoxii</strong></span> <span class='ocrx_word' id='word_1_441' title='bbox 2836 1925 3009 1967; x_wconf 87' lang='lat' dir='ltr'><strong>erant.</strong></span> <span class='ocrx_word' id='word_1_442' title='bbox 3036 1912 3239 1969; x_wconf 88' lang='lat' dir='ltr'><strong>Omnes</strong></span> <span class='ocrx_word' id='word_1_443' title='bbox 3273 1915 3457 1984; x_wconf 82' lang='lat' dir='ltr'><strong>itaque</strong></span> 
     </span>
    </p>
   </div>
   <div class='ocr_carea' id='block_1_64' title="bbox 1875 2003 3457 2075">
    <p class='ocr_par' dir='ltr' id='par_1_64' title="bbox 1875 2003 3457 2075">
     <span class='ocr_line' id='line_1_64' title="bbox 1875 2003 3457 2075; baseline -0.001 -14"><span class='ocrx_word' id='word_1_444' title='bbox 1875 2008 1927 2061; x_wconf 89' lang='lat' dir='ltr'><strong>hi</strong></span> <span class='ocrx_word' id='word_1_445' title='bbox 1973 2006 2195 2060; x_wconf 82' lang='lat' dir='ltr'><strong>exarchi</strong></span> <span class='ocrx_word' id='word_1_446' title='bbox 2238 2003 2668 2073; x_wconf 81' lang='lat' dir='ltr'><strong>metropolitani,</strong></span> <span class='ocrx_word' id='word_1_447' title='bbox 2720 2004 3109 2073; x_wconf 88' lang='lat' dir='ltr'><strong>archiepisc0pi</strong></span> <span class='ocrx_word' id='word_1_448' title='bbox 3132 2015 3186 2059; x_wconf 88' lang='lat' dir='ltr'><strong>et</strong></span> <span class='ocrx_word' id='word_1_449' title='bbox 3214 2005 3457 2075; x_wconf 79' lang='lat' dir='ltr'><strong>episcopi</strong></span> 
     </span>
    </p>
   </div>
   <div class='ocr_carea' id='block_1_65' title="bbox 1873 2095 3454 2166">
    <p class='ocr_par' dir='ltr' id='par_1_65' title="bbox 1873 2095 3454 2166">
     <span class='ocr_line' id='line_1_65' title="bbox 1873 2095 3454 2166; baseline -0.003 -15"><span class='ocrx_word' id='word_1_450' title='bbox 1873 2097 2141 2166; x_wconf 82' lang='lat' dir='ltr'><strong>superiori</strong></span> <span class='ocrx_word' id='word_1_451' title='bbox 2193 2096 2388 2150; x_wconf 88' lang='lat' dir='ltr'><strong>throno</strong></span> <span class='ocrx_word' id='word_1_452' title='bbox 2444 2096 2836 2150; x_wconf 88' lang='lat' dir='ltr'><strong>subdebantur.</strong></span> <span class='ocrx_word' id='word_1_453' title='bbox 2910 2095 2973 2150; x_wconf 83' lang='lat' dir='ltr'><strong>Et</strong></span> <span class='ocrx_word' id='word_1_454' title='bbox 3001 2097 3045 2151; x_wconf 91' lang='lat' dir='ltr'><strong>si</strong></span> <span class='ocrx_word' id='word_1_455' title='bbox 3093 2098 3454 2151; x_wconf 80' lang='lat' dir='ltr'><strong>exarclioruzn</strong></span> 
     </span>
    </p>
   </div>
   <div class='ocr_carea' id='block_1_66' title="bbox 1868 2189 3464 2260">
    <p class='ocr_par' dir='ltr' id='par_1_66' title="bbox 1868 2189 3464 2260">
     <span class='ocr_line' id='line_1_66' title="bbox 1868 2189 3464 2260; baseline 0 -17"><span class='ocrx_word' id='word_1_456' title='bbox 1868 2190 2073 2259; x_wconf 85' lang='lat' dir='ltr'><strong>judicia</strong></span> <span class='ocrx_word' id='word_1_457' title='bbox 2136 2189 2561 2260; x_wconf 89' lang='lat' dir='ltr'><strong>metr0politanis</strong></span> <span class='ocrx_word' id='word_1_458' title='bbox 2607 2198 2698 2244; x_wconf 89' lang='lat' dir='ltr'><strong>aut</strong></span> <span class='ocrx_word' id='word_1_459' title='bbox 2752 2190 3199 2260; x_wconf 67' lang='lat' dir='ltr'><strong>archiepi&lt;copis,</strong></span> <span class='ocrx_word' id='word_1_460' title='bbox 3256 2199 3311 2242; x_wconf 79' lang='lat' dir='ltr'><strong>et</strong></span> <span class='ocrx_word' id='word_1_461' title='bbox 3348 2205 3464 2243; x_wconf 83' lang='lat' dir='ltr'><strong>mc-</strong></span> 
     </span>
    </p>
   </div>
   <div class='ocr_carea' id='block_1_67' title="bbox 1878 2280 3461 2351">
    <p class='ocr_par' dir='ltr' id='par_1_67' title="bbox 1878 2280 3461 2351">
     <span class='ocr_line' id='line_1_67' title="bbox 1878 2280 3461 2351; baseline 0 -17"><span class='ocrx_word' id='word_1_462' title='bbox 1878 2280 2328 2351; x_wconf 83' lang='lat' dir='ltr'><strong>Iropolitauorum</strong></span> <span class='ocrx_word' id='word_1_463' title='bbox 2382 2281 2653 2350; x_wconf 82' lang='lat' dir='ltr'><strong>episcopis</strong></span> <span class='ocrx_word' id='word_1_464' title='bbox 2684 2297 2787 2335; x_wconf 90' lang='lat' dir='ltr'><strong>non</strong></span> <span class='ocrx_word' id='word_1_465' title='bbox 2818 2281 3205 2349; x_wconf 85' lang='lat' dir='ltr'><strong>probabantur,</strong></span> <span class='ocrx_word' id='word_1_466' title='bbox 3246 2282 3298 2335; x_wconf 76' lang='lat' dir='ltr'><strong>lii</strong></span> <span class='ocrx_word' id='word_1_467' title='bbox 3339 2282 3461 2351; x_wconf 86' lang='lat' dir='ltr'><strong>qui-</strong></span> 
     </span>
    </p>
   </div>
   <div class='ocr_carea' id='block_1_68' title="bbox 1876 2373 3459 2444">
    <p class='ocr_par' dir='ltr' id='par_1_68' title="bbox 1876 2373 3459 2444">
     <span class='ocr_line' id='line_1_68' title="bbox 1876 2373 3459 2444; baseline -0.002 -15"><span class='ocrx_word' id='word_1_468' title='bbox 1876 2374 1996 2429; x_wconf 89' lang='lat' dir='ltr'><strong>dem</strong></span> <span class='ocrx_word' id='word_1_469' title='bbox 2017 2374 2082 2428; x_wconf 89' lang='lat' dir='ltr'><strong>ad</strong></span> <span class='ocrx_word' id='word_1_470' title='bbox 2111 2389 2360 2444; x_wconf 83' lang='lat' dir='ltr'><strong>suprema</strong></span> <span class='ocrx_word' id='word_1_471' title='bbox 2383 2373 2744 2444; x_wconf 84' lang='lat' dir='ltr'><strong>appellabant,</strong></span> <span class='ocrx_word' id='word_1_472' title='bbox 2767 2374 3005 2442; x_wconf 88' lang='lat' dir='ltr'><strong>episcopi</strong></span> <span class='ocrx_word' id='word_1_473' title='bbox 3045 2373 3109 2427; x_wconf 88' lang='lat' dir='ltr'><strong>ad</strong></span> <span class='ocrx_word' id='word_1_474' title='bbox 3140 2375 3459 2435; x_wconf 81' lang='lat' dir='ltr'><strong>exarcbum,</strong></span> 
     </span>
    </p>
   </div>
   <div class='ocr_carea' id='block_1_69' title="bbox 1878 2467 3465 2539">
    <p class='ocr_par' dir='ltr' id='par_1_69' title="bbox 1878 2467 3465 2539">
     <span class='ocr_line' id='line_1_69' title="bbox 1878 2467 3465 2539; baseline -0.001 -16"><span class='ocrx_word' id='word_1_475' title='bbox 1878 2469 2132 2539; x_wconf 87' lang='lat' dir='ltr'><strong>indeque,</strong></span> <span class='ocrx_word' id='word_1_476' title='bbox 2183 2470 2228 2523; x_wconf 89' lang='lat' dir='ltr'><strong>si</strong></span> <span class='ocrx_word' id='word_1_477' title='bbox 2284 2468 2335 2522; x_wconf 90' lang='lat' dir='ltr'><strong>id</strong></span> <span class='ocrx_word' id='word_1_478' title='bbox 2388 2468 2726 2532; x_wconf 78' lang='lat' dir='ltr'><strong>adlibuisset,</strong></span> <span class='ocrx_word' id='word_1_479' title='bbox 2792 2469 2858 2521; x_wconf 89' lang='lat' dir='ltr'><strong>ad</strong></span> <span class='ocrx_word' id='word_1_480' title='bbox 2920 2467 3217 2534; x_wconf 85' lang='lat' dir='ltr'><strong>majorem:</strong></span> <span class='ocrx_word' id='word_1_481' title='bbox 3294 2483 3465 2539; x_wconf 55' lang='lat' dir='ltr'><strong>nuper</strong></span> 
     </span>
    </p>
   </div>
   <div class='ocr_carea' id='block_1_70' title="bbox 1877 2546 3105 2629">
    <p class='ocr_par' dir='ltr' id='par_1_70' title="bbox 1877 2546 3105 2629">
     <span class='ocr_line' id='line_1_70' title="bbox 1877 2546 3105 2629; baseline 0 -14"><span class='ocrx_word' id='word_1_482' title='bbox 1877 2561 2041 2615; x_wconf 90' lang='lat' dir='ltr'><strong>etiam</strong></span> <span class='ocrx_word' id='word_1_483' title='bbox 2073 2546 2299 2615; x_wconf 73' lang='lat' dir='ltr'><strong>exarclii</strong></span> <span class='ocrx_word' id='word_1_484' title='bbox 2322 2562 2659 2615; x_wconf 84' lang='lat' dir='ltr'><strong>vocabantur</strong></span> <span class='ocrx_word' id='word_1_485' title='bbox 2693 2559 3105 2629; x_wconf 77' lang='lat' dir='ltr'><strong>archiepiscopi.</strong></span> 
     </span>
    </p>
   </div>
   <div class='ocr_carea' id='block_1_71' title="bbox 1951 2738 3453 2813">
    <p class='ocr_par' dir='ltr' id='par_1_71' title="bbox 1951 2738 3453 2813">
     <span class='ocr_line' id='line_1_71' title="bbox 1951 2738 3453 2813; baseline 0.001 -21"><span class='ocrx_word' id='word_1_486' title='bbox 1951 2738 2248 2794; x_wconf 89' lang='lat' dir='ltr'><strong>Dicendum</strong></span> <span class='ocrx_word' id='word_1_487' title='bbox 2283 2748 2363 2794; x_wconf 89' lang='lat' dir='ltr'><strong>est</strong></span> <span class='ocrx_word' id='word_1_488' title='bbox 2389 2748 2647 2810; x_wconf 67' lang='lat' dir='ltr'><strong>praeterea</strong></span> <span class='ocrx_word' id='word_1_489' title='bbox 2676 2742 2952 2811; x_wconf 88' lang='lat' dir='ltr'><strong>quomodo</strong></span> <span class='ocrx_word' id='word_1_490' title='bbox 2976 2742 3056 2797; x_wconf 70' lang='lat' dir='ltr'><strong>ha:</strong></span> <span class='ocrx_word' id='word_1_491' title='bbox 3100 2750 3208 2797; x_wconf 89' lang='lat' dir='ltr'><strong>tres</strong></span> <span class='ocrx_word' id='word_1_492' title='bbox 3244 2757 3453 2813; x_wconf 71' lang='lat' dir='ltr'><strong>magum</strong></span> 
     </span>
    </p>
   </div>
   <div class='ocr_carea' id='block_1_72' title="bbox 1877 2835 3464 2907">
    <p class='ocr_par' dir='ltr' id='par_1_72' title="bbox 1877 2835 3464 2907">
     <span class='ocr_line' id='line_1_72' title="bbox 1877 2835 3464 2907; baseline 0.002 -17"><span class='ocrx_word' id='word_1_493' title='bbox 1877 2835 2151 2899; x_wconf 64' lang='lat' dir='ltr'><strong>Ecclesiae,</strong></span> <span class='ocrx_word' id='word_1_494' title='bbox 2204 2836 2446 2891; x_wconf 73' lang='lat' dir='ltr'><strong>Romana</strong></span> <span class='ocrx_word' id='word_1_495' title='bbox 2501 2854 2713 2907; x_wconf 84' lang='lat' dir='ltr'><strong>nempe,</strong></span> <span class='ocrx_word' id='word_1_496' title='bbox 2780 2839 3169 2905; x_wconf 81' lang='lat' dir='ltr'><strong>Alexandrina,</strong></span> <span class='ocrx_word' id='word_1_497' title='bbox 3194 2841 3464 2896; x_wconf 83' lang='lat' dir='ltr'><strong>etAntio-</strong></span> 
     </span>
    </p>
   </div>
   <div class='ocr_carea' id='block_1_73' title="bbox 1877 2929 3466 3002">
    <p class='ocr_par' dir='ltr' id='par_1_73' title="bbox 1877 2929 3466 3002">
     <span class='ocr_line' id='line_1_73' title="bbox 1877 2929 3466 3002; baseline 0.001 -19"><span class='ocrx_word' id='word_1_498' title='bbox 1877 2929 2051 2983; x_wconf 89' lang='lat' dir='ltr'><strong>chena</strong></span> <span class='ocrx_word' id='word_1_499' title='bbox 2079 2943 2270 2983; x_wconf 91' lang='lat' dir='ltr'><strong>omnes</strong></span> <span class='ocrx_word' id='word_1_500' title='bbox 2314 2943 2433 2998; x_wconf 70' lang='lat' dir='ltr'><strong>qure</strong></span> <span class='ocrx_word' id='word_1_501' title='bbox 2467 2929 2567 2982; x_wconf 88' lang='lat' dir='ltr'><strong>sub</strong></span> <span class='ocrx_word' id='word_1_502' title='bbox 2602 2945 2660 2984; x_wconf 85' lang='lat' dir='ltr'><strong>se</strong></span> <span class='ocrx_word' id='word_1_503' title='bbox 2692 2940 2847 2985; x_wconf 88' lang='lat' dir='ltr'><strong>erant</strong></span> <span class='ocrx_word' id='word_1_504' title='bbox 2890 2929 3167 2986; x_wconf 84' lang='lat' dir='ltr'><strong>Eeclesias</strong></span> <span class='ocrx_word' id='word_1_505' title='bbox 3196 2933 3466 3002; x_wconf 77' lang='lat' dir='ltr'><strong>guberna-</strong></span> 
     </span>
    </p>
   </div>
   <div class='ocr_carea' id='block_1_74' title="bbox 1879 3022 3467 3092">
    <p class='ocr_par' dir='ltr' id='par_1_74' title="bbox 1879 3022 3467 3092">
     <span class='ocr_line' id='line_1_74' title="bbox 1879 3022 3467 3092; baseline 0.003 -17"><span class='ocrx_word' id='word_1_506' title='bbox 1879 3022 2036 3083; x_wconf 86' lang='lat' dir='ltr'><strong>bant,</strong></span> <span class='ocrx_word' id='word_1_507' title='bbox 2077 3028 2381 3090; x_wconf 84' lang='lat' dir='ltr'><strong>etquanam</strong></span> <span class='ocrx_word' id='word_1_508' title='bbox 2414 3022 2622 3075; x_wconf 83' lang='lat' dir='ltr'><strong>ratione</strong></span> <span class='ocrx_word' id='word_1_509' title='bbox 2656 3038 2812 3090; x_wconf 79' lang='lat' dir='ltr'><strong>pares</strong></span> <span class='ocrx_word' id='word_1_510' title='bbox 2842 3023 2893 3076; x_wconf 93' lang='lat' dir='ltr'><strong>in</strong></span> <span class='ocrx_word' id='word_1_511' title='bbox 2914 3023 3176 3092; x_wconf 77' lang='lat' dir='ltr'><strong>dignitate</strong></span> <span class='ocrx_word' id='word_1_512' title='bbox 3204 3025 3322 3078; x_wconf 78' lang='lat' dir='ltr'><strong>alia-</strong></span> <span class='ocrx_word' id='word_1_513' title='bbox 3349 3027 3467 3080; x_wconf 75' lang='lat' dir='ltr'><strong>dua:</strong></span> 
     </span>
    </p>
   </div>
   <div class='ocr_carea' id='block_1_75' title="bbox 1877 3112 3451 3183">
    <p class='ocr_par' dir='ltr' id='par_1_75' title="bbox 1877 3112 3451 3183">
     <span class='ocr_line' id='line_1_75' title="bbox 1877 3112 3451 3183; baseline 0.003 -18"><span class='ocrx_word' id='word_1_514' title='bbox 1877 3112 2122 3167; x_wconf 75' lang='lat' dir='ltr'><strong>ecclesia:</strong></span> <span class='ocrx_word' id='word_1_515' title='bbox 2171 3112 2770 3183; x_wconf 82' lang='lat' dir='ltr'><strong>Constantinopolitana</strong></span> <span class='ocrx_word' id='word_1_516' title='bbox 2822 3124 2876 3169; x_wconf 87' lang='lat' dir='ltr'><strong>et</strong></span> <span class='ocrx_word' id='word_1_517' title='bbox 2937 3115 3154 3170; x_wconf 63' lang='lat' dir='ltr'><strong>x’Eliaua</strong></span> <span class='ocrx_word' id='word_1_518' title='bbox 3182 3117 3297 3172; x_wconf 84' lang='lat' dir='ltr'><strong>sive</strong></span> <span class='ocrx_word' id='word_1_519' title='bbox 3321 3117 3451 3170; x_wconf 81' lang='lat' dir='ltr'><strong>llic-</strong></span> 
     </span>
    </p>
   </div>
   <div class='ocr_carea' id='block_1_76' title="bbox 1879 3205 3460 3280">
    <p class='ocr_par' dir='ltr' id='par_1_76' title="bbox 1879 3205 3460 3280">
     <span class='ocr_line' id='line_1_76' title="bbox 1879 3205 3460 3280; baseline 0.005 -22"><span class='ocrx_word' id='word_1_520' title='bbox 1879 3205 2288 3275; x_wconf 88' lang='lat' dir='ltr'><strong>rosolymitana,</strong></span> <span class='ocrx_word' id='word_1_521' title='bbox 2323 3205 2477 3260; x_wconf 64' lang='lat' dir='ltr'><strong>factae</strong></span> <span class='ocrx_word' id='word_1_522' title='bbox 2515 3206 2645 3261; x_wconf 89' lang='lat' dir='ltr'><strong>sint.</strong></span> <span class='ocrx_word' id='word_1_523' title='bbox 2681 3206 2823 3262; x_wconf 63' lang='lat' dir='ltr'><strong>Elia</strong></span> <span class='ocrx_word' id='word_1_524' title='bbox 2854 3224 3083 3278; x_wconf 87' lang='lat' dir='ltr'><strong>namque</strong></span> <span class='ocrx_word' id='word_1_525' title='bbox 3116 3212 3460 3280; x_wconf 85' lang='lat' dir='ltr'><strong>postmodum</strong></span> 
     </span>
    </p>
   </div>
   <div class='ocr_carea' id='block_1_77' title="bbox 1884 3297 3464 3361">
    <p class='ocr_par' dir='ltr' id='par_1_77' title="bbox 1884 3297 3464 3361">
     <span class='ocr_line' id='line_1_77' title="bbox 1884 3297 3464 3361; baseline 0.006 -10"><span class='ocrx_word' id='word_1_526' title='bbox 1884 3314 1948 3351; x_wconf 77' lang='lat' dir='ltr'><strong>ex</strong></span> <span class='ocrx_word' id='word_1_527' title='bbox 2013 3298 2156 3352; x_wconf 64' lang='lat' dir='ltr'><strong>Elio</strong></span> <span class='ocrx_word' id='word_1_528' title='bbox 2203 3297 2444 3353; x_wconf 84' lang='lat' dir='ltr'><strong>Adriano</strong></span> <span class='ocrx_word' id='word_1_529' title='bbox 2500 3299 2744 3355; x_wconf 83' lang='lat' dir='ltr'><strong>Romano</strong></span> <span class='ocrx_word' id='word_1_530' title='bbox 2802 3300 3017 3357; x_wconf 66' lang='lat' dir='ltr'><strong>Catsare</strong></span> <span class='ocrx_word' id='word_1_531' title='bbox 3064 3303 3203 3357; x_wconf 89' lang='lat' dir='ltr'><strong>dicta</strong></span> <span class='ocrx_word' id='word_1_532' title='bbox 3231 3315 3333 3360; x_wconf 88' lang='lat' dir='ltr'><strong>est.</strong></span> <span class='ocrx_word' id='word_1_533' title='bbox 3364 3303 3464 3361; x_wconf 78' lang='lat' dir='ltr'><strong>llic</strong></span> 
     </span>
    </p>
   </div>
   <div class='ocr_carea' id='block_1_78' title="bbox 1890 3388 3464 3466">
    <p class='ocr_par' dir='ltr' id='par_1_78' title="bbox 1890 3388 3464 3466">
     <span class='ocr_line' id='line_1_78' title="bbox 1890 3388 3464 3466; baseline 0.008 -24"><span class='ocrx_word' id='word_1_534' title='bbox 1890 3390 2035 3443; x_wconf 86' lang='lat' dir='ltr'><strong>enim</strong></span> <span class='ocrx_word' id='word_1_535' title='bbox 2086 3399 2207 3459; x_wconf 88' lang='lat' dir='ltr'><strong>post</strong></span> <span class='ocrx_word' id='word_1_536' title='bbox 2245 3388 2662 3459; x_wconf 59' lang='lat' dir='ltr'><strong>sVespasianum</strong></span> <span class='ocrx_word' id='word_1_537' title='bbox 2685 3402 2737 3447; x_wconf 89' lang='lat' dir='ltr'><strong>et</strong></span> <span class='ocrx_word' id='word_1_538' title='bbox 2779 3393 2957 3451; x_wconf 88' lang='lat' dir='ltr'><strong>Titum</strong></span> <span class='ocrx_word' id='word_1_539' title='bbox 2988 3400 3309 3466; x_wconf 69' lang='lat' dir='ltr'><strong>eXpugnatis</strong></span> <span class='ocrx_word' id='word_1_540' title='bbox 3340 3398 3464 3455; x_wconf 85' lang='lat' dir='ltr'><strong>llie-</strong></span> 
     </span>
    </p>
   </div>
   <div class='ocr_carea' id='block_1_79' title="bbox 1883 3482 3461 3560">
    <p class='ocr_par' dir='ltr' id='par_1_79' title="bbox 1883 3482 3461 3560">
     <span class='ocr_line' id='line_1_79' title="bbox 1883 3482 3461 3560; baseline 0.005 -25"><span class='ocrx_word' id='word_1_541' title='bbox 1883 3482 2172 3552; x_wconf 85' lang='lat' dir='ltr'><strong>rosolymis</strong></span> <span class='ocrx_word' id='word_1_542' title='bbox 2195 3483 2337 3550; x_wconf 89' lang='lat' dir='ltr'><strong>quod</strong></span> <span class='ocrx_word' id='word_1_543' title='bbox 2373 3484 2548 3537; x_wconf 85' lang='lat' dir='ltr'><strong>demto</strong></span> <span class='ocrx_word' id='word_1_544' title='bbox 2612 3484 2780 3540; x_wconf 72' lang='lat' dir='ltr'><strong>Judaei</strong></span> <span class='ocrx_word' id='word_1_545' title='bbox 2825 3486 3201 3555; x_wconf 87' lang='lat' dir='ltr'><strong>rebellassent,</strong></span> <span class='ocrx_word' id='word_1_546' title='bbox 3224 3491 3303 3543; x_wconf 86' lang='lat' dir='ltr'><strong>ira</strong></span> <span class='ocrx_word' id='word_1_547' title='bbox 3337 3505 3461 3560; x_wconf 88' lang='lat' dir='ltr'><strong>per-</strong></span> 
     </span>
    </p>
   </div>
   <div class='ocr_carea' id='block_1_80' title="bbox 1878 3575 3462 3650">
    <p class='ocr_par' dir='ltr' id='par_1_80' title="bbox 1878 3575 3462 3650">
     <span class='ocr_line' id='line_1_80' title="bbox 1878 3575 3462 3650; baseline 0.006 -22"><span class='ocrx_word' id='word_1_548' title='bbox 1878 3575 2042 3639; x_wconf 86' lang='lat' dir='ltr'><strong>citus,</strong></span> <span class='ocrx_word' id='word_1_549' title='bbox 2095 3578 2313 3630; x_wconf 86' lang='lat' dir='ltr'><strong>eosdctu</strong></span> <span class='ocrx_word' id='word_1_550' title='bbox 2358 3592 2451 3644; x_wconf 86' lang='lat' dir='ltr'><strong>per</strong></span> <span class='ocrx_word' id='word_1_551' title='bbox 2489 3592 2704 3631; x_wconf 84' lang='lat' dir='ltr'><strong>omnem</strong></span> <span class='ocrx_word' id='word_1_552' title='bbox 2778 3589 2978 3633; x_wconf 88' lang='lat' dir='ltr'><strong>terram</strong></span> <span class='ocrx_word' id='word_1_553' title='bbox 3040 3582 3341 3650; x_wconf 81' lang='lat' dir='ltr'><strong>dissipavit,</strong></span> <span class='ocrx_word' id='word_1_554' title='bbox 3370 3585 3462 3638; x_wconf 82' lang='lat' dir='ltr'><strong>vili</strong></span> 
     </span>
    </p>
   </div>
   <div class='ocr_carea' id='block_1_81' title="bbox 1880 3669 3456 3746">
    <p class='ocr_par' dir='ltr' id='par_1_81' title="bbox 1880 3669 3456 3746">
     <span class='ocr_line' id='line_1_81' title="bbox 1880 3669 3456 3746; baseline 0.005 -24"><span class='ocrx_word' id='word_1_555' title='bbox 1880 3669 2058 3737; x_wconf 88' lang='lat' dir='ltr'><strong>pretio</strong></span> <span class='ocrx_word' id='word_1_556' title='bbox 2111 3683 2205 3723; x_wconf 87' lang='lat' dir='ltr'><strong>eos</strong></span> <span class='ocrx_word' id='word_1_557' title='bbox 2254 3669 2549 3724; x_wconf 87' lang='lat' dir='ltr'><strong>divendens</strong></span> <span class='ocrx_word' id='word_1_558' title='bbox 2602 3685 2722 3723; x_wconf 87' lang='lat' dir='ltr'><strong>cum</strong></span> <span class='ocrx_word' id='word_1_559' title='bbox 2772 3671 2999 3741; x_wconf 78' lang='lat' dir='ltr'><strong>singulis</strong></span> <span class='ocrx_word' id='word_1_560' title='bbox 3023 3674 3208 3730; x_wconf 87' lang='lat' dir='ltr'><strong>hordei</strong></span> <span class='ocrx_word' id='word_1_561' title='bbox 3239 3691 3456 3746; x_wconf 78' lang='lat' dir='ltr'><strong>parvam</strong></span> 
     </span>
    </p>
   </div>
   <div class='ocr_carea' id='block_1_82' title="bbox 1878 3760 3461 3829">
    <p class='ocr_par' dir='ltr' id='par_1_82' title="bbox 1878 3760 3461 3829">
     <span class='ocr_line' id='line_1_82' title="bbox 1878 3760 3461 3829; baseline 0.003 -15"><span class='ocrx_word' id='word_1_562' title='bbox 1878 3774 2187 3814; x_wconf 80' lang='lat' dir='ltr'><strong>mensuram</strong></span> <span class='ocrx_word' id='word_1_563' title='bbox 2234 3760 2467 3829; x_wconf 86' lang='lat' dir='ltr'><strong>pretium</strong></span> <span class='ocrx_word' id='word_1_564' title='bbox 2524 3762 2827 3829; x_wconf 83' lang='lat' dir='ltr'><strong>statuisset,</strong></span> <span class='ocrx_word' id='word_1_565' title='bbox 2876 3772 2929 3817; x_wconf 91' lang='lat' dir='ltr'><strong>et</strong></span> <span class='ocrx_word' id='word_1_566' title='bbox 2971 3779 3161 3819; x_wconf 88' lang='lat' dir='ltr'><strong>eversa</strong></span> <span class='ocrx_word' id='word_1_567' title='bbox 3235 3768 3367 3822; x_wconf 87' lang='lat' dir='ltr'><strong>urbe</strong></span> <span class='ocrx_word' id='word_1_568' title='bbox 3397 3782 3461 3821; x_wconf 85' lang='lat' dir='ltr'><strong>ac</strong></span> 
     </span>
    </p>
   </div>
   <div class='ocr_carea' id='block_1_83' title="bbox 1882 3852 3459 3929">
    <p class='ocr_par' dir='ltr' id='par_1_83' title="bbox 1882 3852 3459 3929">
     <span class='ocr_line' id='line_1_83' title="bbox 1882 3852 3459 3929; baseline 0.004 -23"><span class='ocrx_word' id='word_1_569' title='bbox 1882 3852 2103 3921; x_wconf 84' lang='lat' dir='ltr'><strong>templo,</strong></span> <span class='ocrx_word' id='word_1_570' title='bbox 2162 3853 2263 3905; x_wconf 92' lang='lat' dir='ltr'><strong>sub</strong></span> <span class='ocrx_word' id='word_1_571' title='bbox 2315 3853 2532 3921; x_wconf 89' lang='lat' dir='ltr'><strong>proprio</strong></span> <span class='ocrx_word' id='word_1_572' title='bbox 2581 3855 2799 3909; x_wconf 89' lang='lat' dir='ltr'><strong>nomine</strong></span> <span class='ocrx_word' id='word_1_573' title='bbox 2858 3856 3048 3909; x_wconf 84' lang='lat' dir='ltr'><strong>urbem</strong></span> <span class='ocrx_word' id='word_1_574' title='bbox 3090 3872 3154 3912; x_wconf 92' lang='lat' dir='ltr'><strong>ac</strong></span> <span class='ocrx_word' id='word_1_575' title='bbox 3203 3870 3459 3929; x_wconf 84' lang='lat' dir='ltr'><strong>templum</strong></span> 
     </span>
    </p>
   </div>
   <div class='ocr_carea' id='block_1_84' title="bbox 1880 3942 3463 4013">
    <p class='ocr_par' dir='ltr' id='par_1_84' title="bbox 1880 3942 3463 4013">
     <span class='ocr_line' id='line_1_84' title="bbox 1880 3942 3463 4013; baseline 0.004 -18"><span class='ocrx_word' id='word_1_576' title='bbox 1880 3942 2253 3996; x_wconf 73' lang='lat' dir='ltr'><strong>rezeditlcavit.</strong></span> <span class='ocrx_word' id='word_1_577' title='bbox 2307 3943 2359 3995; x_wconf 91' lang='lat' dir='ltr'><strong>ln</strong></span> <span class='ocrx_word' id='word_1_578' title='bbox 2423 3942 2620 4009; x_wconf 87' lang='lat' dir='ltr'><strong>templo</strong></span> <span class='ocrx_word' id='word_1_579' title='bbox 2683 3944 2957 4013; x_wconf 87' lang='lat' dir='ltr'><strong>proprium</strong></span> <span class='ocrx_word' id='word_1_580' title='bbox 2991 3946 3367 4012; x_wconf 84' lang='lat' dir='ltr'><strong>simulacrum,</strong></span> <span class='ocrx_word' id='word_1_581' title='bbox 3403 3967 3463 4002; x_wconf 76' lang='lat' dir='ltr'><strong>ut</strong></span> 
     </span>
    </p>
   </div>
   <div class='ocr_carea' id='block_1_85' title="bbox 1880 4032 3459 4102">
    <p class='ocr_par' dir='ltr' id='par_1_85' title="bbox 1880 4032 3459 4102">
     <span class='ocr_line' id='line_1_85' title="bbox 1880 4032 3459 4102; baseline 0.006 -17"><span class='ocrx_word' id='word_1_582' title='bbox 1880 4032 2224 4100; x_wconf 85' lang='lat' dir='ltr'><strong>adoraretur,</strong></span> <span class='ocrx_word' id='word_1_583' title='bbox 2290 4035 2433 4102; x_wconf 85' lang='lat' dir='ltr'><strong>quod</strong></span> <span class='ocrx_word' id='word_1_584' title='bbox 2491 4050 2625 4091; x_wconf 89' lang='lat' dir='ltr'><strong>sane</strong></span> <span class='ocrx_word' id='word_1_585' title='bbox 2658 4037 2832 4092; x_wconf 75' lang='lat' dir='ltr'><strong>fuerat</strong></span> <span class='ocrx_word' id='word_1_586' title='bbox 2880 4039 3211 4095; x_wconf 86' lang='lat' dir='ltr'><strong>abominatio</strong></span> <span class='ocrx_word' id='word_1_587' title='bbox 3249 4044 3459 4097; x_wconf 47' lang='lat' dir='ltr'><strong>deama-</strong></span> 
     </span>
    </p>
   </div>
   <div class='ocr_carea' id='block_1_86' title="bbox 1881 4125 3464 4204">
    <p class='ocr_par' dir='ltr' id='par_1_86' title="bbox 1881 4125 3464 4204">
     <span class='ocr_line' id='line_1_86' title="bbox 1881 4125 3464 4204; baseline 0.009 -27"><span class='ocrx_word' id='word_1_588' title='bbox 1881 4125 2068 4185; x_wconf 90' lang='lat' dir='ltr'><strong>tionis,</strong></span> <span class='ocrx_word' id='word_1_589' title='bbox 2106 4128 2381 4195; x_wconf 84' lang='lat' dir='ltr'><strong>apposuit,</strong></span> <span class='ocrx_word' id='word_1_590' title='bbox 2420 4129 2651 4197; x_wconf 89' lang='lat' dir='ltr'><strong>indeque</strong></span> <span class='ocrx_word' id='word_1_591' title='bbox 2686 4130 2986 4185; x_wconf 86' lang='lat' dir='ltr'><strong>institutum</strong></span> <span class='ocrx_word' id='word_1_592' title='bbox 3021 4142 3080 4187; x_wconf 92' lang='lat' dir='ltr'><strong>ut</strong></span> <span class='ocrx_word' id='word_1_593' title='bbox 3111 4137 3329 4204; x_wconf 85' lang='lat' dir='ltr'><strong>proprio</strong></span> <span class='ocrx_word' id='word_1_594' title='bbox 3366 4153 3464 4191; x_wconf 79' lang='lat' dir='ltr'><strong>no-</strong></span> 
     </span>
    </p>
   </div>
   <div class='ocr_carea' id='block_1_87' title="bbox 1884 4218 3194 4295">
    <p class='ocr_par' dir='ltr' id='par_1_87' title="bbox 1884 4218 3194 4295">
     <span class='ocr_line' id='line_1_87' title="bbox 1884 4218 3194 4295; baseline 0.009 -23"><span class='ocrx_word' id='word_1_595' title='bbox 1884 4218 2026 4273; x_wconf 82' lang='lat' dir='ltr'><strong>mine</strong></span> <span class='ocrx_word' id='word_1_596' title='bbox 2051 4220 2102 4273; x_wconf 86' lang='lat' dir='ltr'><strong>in</strong></span> <span class='ocrx_word' id='word_1_597' title='bbox 2134 4229 2407 4290; x_wconf 76' lang='lat' dir='ltr'><strong>posterum</strong></span> <span class='ocrx_word' id='word_1_598' title='bbox 2446 4224 2573 4276; x_wconf 91' lang='lat' dir='ltr'><strong>urbs</strong></span> <span class='ocrx_word' id='word_1_599' title='bbox 2596 4221 2741 4278; x_wconf 63' lang='lat' dir='ltr'><strong>Elia</strong></span> <span class='ocrx_word' id='word_1_600' title='bbox 2771 4239 3194 4295; x_wconf 86' lang='lat' dir='ltr'><strong>nuncuparetur.</strong></span> 
     </span>
    </p>
   </div>
   <div class='ocr_carea' id='block_1_88' title="bbox 1955 4501 3463 4574">
    <p class='ocr_par' dir='ltr' id='par_1_88' title="bbox 1955 4501 3463 4574">
     <span class='ocr_line' id='line_1_88' title="bbox 1955 4501 3463 4574; baseline 0.007 -18"><span class='ocrx_word' id='word_1_601' title='bbox 1955 4501 2148 4556; x_wconf 72' lang='lat' dir='ltr'><strong>Postea</strong></span> <span class='ocrx_word' id='word_1_602' title='bbox 2191 4502 2414 4557; x_wconf 88' lang='lat' dir='ltr'><strong>thronus</strong></span> <span class='ocrx_word' id='word_1_603' title='bbox 2472 4502 2995 4574; x_wconf 84' lang='lat' dir='ltr'><strong>llierosolytnttanus</strong></span> <span class='ocrx_word' id='word_1_604' title='bbox 3048 4523 3115 4563; x_wconf 80' lang='lat' dir='ltr'><strong>ex</strong></span> <span class='ocrx_word' id='word_1_605' title='bbox 3153 4511 3463 4567; x_wconf 69' lang='lat' dir='ltr'><strong>dimcesiac</strong></span> 
     </span>
    </p>
   </div>
   <div class='ocr_carea' id='block_1_89' title="bbox 183 4583 1772 4683">
    <p class='ocr_par' dir='ltr' id='par_1_89' title="bbox 183 4583 1772 4660">
     <span class='ocr_line' id='line_1_89' title="bbox 183 4583 1772 4660; baseline -0.001 -18"><span class='ocrx_word' id='word_1_606' title='bbox 183 4585 571 4649; x_wconf 75' lang='grc' dir='ltr'>ἀποσπασθεὶς</span> <span class='ocrx_word' id='word_1_607' title='bbox 602 4586 699 4653; x_wconf 81' lang='grc' dir='ltr'>τῆς</span> <span class='ocrx_word' id='word_1_608' title='bbox 721 4585 957 4654; x_wconf 76' lang='grc' dir='ltr'>ἐνορίας,</span> <span class='ocrx_word' id='word_1_609' title='bbox 979 4583 1074 4637; x_wconf 74' lang='grc' dir='ltr'><strong>καὶ</strong></span> <span class='ocrx_word' id='word_1_610' title='bbox 1092 4584 1339 4649; x_wconf 78' lang='grc' dir='ltr'>ἐξουσίας</span> <span class='ocrx_word' id='word_1_611' title='bbox 1359 4586 1473 4639; x_wconf 84' lang='grc' dir='ltr'>’Λλε</span> <span class='ocrx_word' id='word_1_612' title='bbox 1484 4588 1772 4660; x_wconf 76' lang='grc' dir='ltr'>ξανδρέων,</span> 
     </span>
    </p>
   </div>
   <div class='ocr_carea' id='block_1_90' title="bbox 1876 4583 3460 4683">
    <p class='ocr_par' dir='ltr' id='par_1_90' title="bbox 1888 4596 3460 4671">
     <span class='ocr_line' id='line_1_90' title="bbox 1888 4596 3460 4671; baseline 0.006 -23"><span class='ocrx_word' id='word_1_613' title='bbox 1888 4605 2154 4662; x_wconf 87' lang='lat' dir='ltr'><strong>p0teslate</strong></span> <span class='ocrx_word' id='word_1_614' title='bbox 2176 4596 2527 4651; x_wconf 79' lang='lat' dir='ltr'><strong>Alexandrini</strong></span> <span class='ocrx_word' id='word_1_615' title='bbox 2578 4599 2818 4664; x_wconf 84' lang='lat' dir='ltr'><strong>avulsus,</strong></span> <span class='ocrx_word' id='word_1_616' title='bbox 2850 4600 2902 4653; x_wconf 88' lang='lat' dir='ltr'><strong>in</strong></span> <span class='ocrx_word' id='word_1_617' title='bbox 2939 4602 3248 4671; x_wconf 81' lang='lat' dir='ltr'><strong>dignitatem</strong></span> <span class='ocrx_word' id='word_1_618' title='bbox 3264 4607 3460 4670; x_wconf 64' lang='lat' dir='ltr'><strong>elatus,</strong></span> 
     </span>
    </p>
   </div>
   <div class='ocr_carea' id='block_1_91' title="bbox 186 4678 1777 4753">
    <p class='ocr_par' dir='ltr' id='par_1_91' title="bbox 186 4678 1777 4753">
     <span class='ocr_line' id='line_1_91' title="bbox 186 4678 1777 4753; baseline 0.002 -21"><span class='ocrx_word' id='word_1_619' title='bbox 186 4682 284 4736; x_wconf 72' lang='grc' dir='ltr'><strong>καὶ</strong></span> <span class='ocrx_word' id='word_1_620' title='bbox 310 4681 535 4748; x_wconf 76' lang='grc' dir='ltr'>γέγονεν</span> <span class='ocrx_word' id='word_1_621' title='bbox 591 4678 987 4747; x_wconf 69' lang='grc' dir='ltr'>αὑτοκέφαλος,</span> <span class='ocrx_word' id='word_1_622' title='bbox 1016 4682 1111 4731; x_wconf 75' lang='grc' dir='ltr'><strong>καὶ</strong></span> <span class='ocrx_word' id='word_1_623' title='bbox 1136 4680 1366 4749; x_wconf 76' lang='grc' dir='ltr'>κεφαλὴ,</span> <span class='ocrx_word' id='word_1_624' title='bbox 1408 4681 1503 4733; x_wconf 74' lang='grc' dir='ltr'><strong>καὶ</strong></span> <span class='ocrx_word' id='word_1_625' title='bbox 1536 4684 1777 4753; x_wconf 79' lang='grc' dir='ltr'>ἰσότιμος</span> 
     </span>
    </p>
   </div>
   <div class='ocr_carea' id='block_1_92' title="bbox 184 4771 1777 4845">
    <p class='ocr_par' dir='ltr' id='par_1_92' title="bbox 184 4771 1777 4845">
     <span class='ocr_line' id='line_1_92' title="bbox 184 4771 1777 4845; baseline 0.001 -18"><span class='ocrx_word' id='word_1_626' title='bbox 184 4778 300 4837; x_wconf 81' lang='grc' dir='ltr'>τοῖς</span> <span class='ocrx_word' id='word_1_627' title='bbox 326 4774 473 4843; x_wconf 78' lang='grc' dir='ltr'>τρισὶ</span> <span class='ocrx_word' id='word_1_628' title='bbox 502 4772 737 4842; x_wconf 82' lang='grc' dir='ltr'>θρόνοις.</span> <span class='ocrx_word' id='word_1_629' title='bbox 770 4771 916 4841; x_wconf 79' lang='grc' dir='ltr'>Πλὴν</span> <span class='ocrx_word' id='word_1_630' title='bbox 940 4772 1144 4842; x_wconf 83' lang='grc' dir='ltr'>ἐτάχθη</span> <span class='ocrx_word' id='word_1_631' title='bbox 1178 4774 1315 4842; x_wconf 79' lang='grc' dir='ltr'>μετὰ</span> <span class='ocrx_word' id='word_1_632' title='bbox 1341 4773 1429 4827; x_wconf 85' lang='grc' dir='ltr'><strong>τὸν</strong></span> <span class='ocrx_word' id='word_1_633' title='bbox 1446 4776 1777 4845; x_wconf 80' lang='grc' dir='ltr'>Ἀντιοχείας</span> 
     </span>
    </p>
   </div>
   <div class='ocr_carea' id='block_1_93' title="bbox 184 4863 1773 4939">
    <p class='ocr_par' dir='ltr' id='par_1_93' title="bbox 184 4863 1773 4939">
     <span class='ocr_line' id='line_1_93' title="bbox 184 4863 1773 4939; baseline 0.004 -23"><span class='ocrx_word' id='word_1_634' title='bbox 184 4864 478 4937; x_wconf 73' lang='grc' dir='ltr'>τιμᾶσθαι,</span> <span class='ocrx_word' id='word_1_635' title='bbox 504 4865 600 4916; x_wconf 74' lang='grc' dir='ltr'>καὶ</span> <span class='ocrx_word' id='word_1_636' title='bbox 631 4863 1030 4934; x_wconf 82' lang='grc' dir='ltr'>ἀναφέρεσθαι,</span> <span class='ocrx_word' id='word_1_637' title='bbox 1059 4865 1155 4916; x_wconf 82' lang='grc' dir='ltr'>καὶ</span> <span class='ocrx_word' id='word_1_638' title='bbox 1194 4864 1491 4935; x_wconf 86' lang='grc' dir='ltr'>καθῆσθαι.</span> <span class='ocrx_word' id='word_1_639' title='bbox 1538 4868 1773 4939; x_wconf 80' lang='grc' dir='ltr'>Ἐκλήθη</span> 
     </span>
    </p>
   </div>
   <div class='ocr_carea' id='block_1_94' title="bbox 184 4955 1777 5031">
    <p class='ocr_par' dir='ltr' id='par_1_94' title="bbox 184 4955 1777 5031">
     <span class='ocr_line' id='line_1_94' title="bbox 184 4955 1777 5031; baseline 0.003 -20"><span class='ocrx_word' id='word_1_640' title='bbox 184 4961 242 5012; x_wconf 82' lang='grc' dir='ltr'>δὲ</span> <span class='ocrx_word' id='word_1_641' title='bbox 279 4960 377 5009; x_wconf 74' lang='grc' dir='ltr'><strong>καὶ</strong></span> <span class='ocrx_word' id='word_1_642' title='bbox 410 4956 761 5027; x_wconf 83' lang='grc' dir='ltr'>πατριάρχης</span> <span class='ocrx_word' id='word_1_643' title='bbox 816 4955 908 5008; x_wconf 80' lang='grc' dir='ltr'>καὶ</span> <span class='ocrx_word' id='word_1_644' title='bbox 940 4955 1103 5019; x_wconf 77' lang='grc' dir='ltr'>αὐτὸς</span> <span class='ocrx_word' id='word_1_645' title='bbox 1132 4959 1159 5010; x_wconf 84' lang='grc' dir='ltr'><strong>ό</strong></span> <span class='ocrx_word' id='word_1_646' title='bbox 1204 4957 1619 5031; x_wconf 86' lang='grc' dir='ltr'>Ἰεροσολύμων,</span> <span class='ocrx_word' id='word_1_647' title='bbox 1662 4962 1777 5015; x_wconf 82' lang='grc' dir='ltr'>καί·</span> 
     </span>
    </p>
   </div>
   <div class='ocr_carea' id='block_1_95' title="bbox 182 5048 1775 5125">
    <p class='ocr_par' dir='ltr' id='par_1_95' title="bbox 182 5048 1775 5125">
     <span class='ocr_line' id='line_1_95' title="bbox 182 5048 1775 5125; baseline 0.004 -22"><span class='ocrx_word' id='word_1_648' title='bbox 182 5070 266 5103; x_wconf 84' lang='grc' dir='ltr'><strong>τοι</strong></span> <span class='ocrx_word' id='word_1_649' title='bbox 298 5050 565 5121; x_wconf 85' lang='grc' dir='ltr'>πρότερον</span> <span class='ocrx_word' id='word_1_650' title='bbox 614 5048 918 5112; x_wconf 81' lang='grc' dir='ltr'>ἐπίσκοπος</span> <span class='ocrx_word' id='word_1_651' title='bbox 974 5048 1049 5102; x_wconf 81' lang='grc' dir='ltr'><strong>ὢν</strong></span> <span class='ocrx_word' id='word_1_652' title='bbox 1076 5051 1170 5104; x_wconf 83' lang='grc' dir='ltr'>τοῦ</span> <span class='ocrx_word' id='word_1_653' title='bbox 1197 5053 1538 5125; x_wconf 84' lang='grc' dir='ltr'>Καισαρείας</span> <span class='ocrx_word' id='word_1_654' title='bbox 1582 5056 1682 5125; x_wconf 78' lang='grc' dir='ltr'>τῆς</span> <span class='ocrx_word' id='word_1_655' title='bbox 1716 5058 1775 5110; x_wconf 89' lang='grc' dir='ltr'><strong>ἐν</strong></span> 
     </span>
    </p>
   </div>
   <div class='ocr_carea' id='block_1_96' title="bbox 190 5141 1773 5219">
    <p class='ocr_par' dir='ltr' id='par_1_96' title="bbox 190 5141 1773 5219">
     <span class='ocr_line' id='line_1_96' title="bbox 190 5141 1773 5219; baseline 0.005 -23"><span class='ocrx_word' id='word_1_656' title='bbox 190 5145 552 5217; x_wconf 77' lang='grc' dir='ltr'>Παλαιστίνῃ·</span> <span class='ocrx_word' id='word_1_657' title='bbox 587 5145 621 5214; x_wconf 78' lang='grc' dir='ltr'><strong>ἡ</strong></span> <span class='ocrx_word' id='word_1_658' title='bbox 662 5143 769 5216; x_wconf 83' lang='grc' dir='ltr'><strong>γὰρ</strong></span> <span class='ocrx_word' id='word_1_659' title='bbox 798 5143 1139 5215; x_wconf 82' lang='grc' dir='ltr'>Παλαιστίνη</span> <span class='ocrx_word' id='word_1_660' title='bbox 1169 5141 1281 5217; x_wconf 77' lang='grc' dir='ltr'>εἶχε</span> <span class='ocrx_word' id='word_1_661' title='bbox 1314 5150 1649 5219; x_wconf 85' lang='grc' dir='ltr'>μητρόπολιν</span> <span class='ocrx_word' id='word_1_662' title='bbox 1672 5151 1773 5219; x_wconf 82' lang='grc' dir='ltr'>τὴν</span> 
     </span>
    </p>
   </div>
   <div class='ocr_carea' id='block_1_97' title="bbox 188 5233 1772 5314">
    <p class='ocr_par' dir='ltr' id='par_1_97' title="bbox 188 5233 1772 5314">
     <span class='ocr_line' id='line_1_97' title="bbox 188 5233 1772 5314; baseline 0.004 -24"><span class='ocrx_word' id='word_1_663' title='bbox 188 5240 580 5307; x_wconf 67' lang='grc' dir='ltr'>Καισάρειαν,</span> <span class='ocrx_word' id='word_1_664' title='bbox 636 5236 728 5307; x_wconf 73' lang='grc' dir='ltr'><strong>ὑφ’</strong></span> <span class='ocrx_word' id='word_1_665' title='bbox 884 5240 1059 5293; x_wconf 83' lang='grc' dir='ltr'>ἐτέλει</span> <span class='ocrx_word' id='word_1_666' title='bbox 1106 5239 1175 5293; x_wconf 83' lang='grc' dir='ltr'>τὰ</span> <span class='ocrx_word' id='word_1_667' title='bbox 1231 5240 1583 5314; x_wconf 85' lang='grc' dir='ltr'>Ἰεροσόλυμα</span> <span class='ocrx_word' id='word_1_668' title='bbox 1650 5244 1772 5297; x_wconf 81' lang='grc' dir='ltr'>ἐπι-</span> 
     </span>
    </p>
   </div>
   <div class='ocr_carea' id='block_1_98' title="bbox 185 5327 1775 5409">
    <p class='ocr_par' dir='ltr' id='par_1_98' title="bbox 185 5327 1775 5409">
     <span class='ocr_line' id='line_1_98' title="bbox 185 5327 1775 5409; baseline 0.004 -25"><span class='ocrx_word' id='word_1_669' title='bbox 185 5331 368 5401; x_wconf 79' lang='grc' dir='ltr'>σκοπὴ</span> <span class='ocrx_word' id='word_1_670' title='bbox 408 5330 541 5384; x_wconf 74' lang='grc' dir='ltr'>οὖσα</span> <span class='ocrx_word' id='word_1_671' title='bbox 592 5331 792 5402; x_wconf 82' lang='grc' dir='ltr'>αὐτῆς.</span> <span class='ocrx_word' id='word_1_672' title='bbox 842 5327 969 5403; x_wconf 76' lang='grc' dir='ltr'>Εῐχε</span> <span class='ocrx_word' id='word_1_673' title='bbox 1013 5333 1070 5386; x_wconf 82' lang='grc' dir='ltr'><strong>δὲ</strong></span> <span class='ocrx_word' id='word_1_674' title='bbox 1116 5333 1212 5387; x_wconf 76' lang='grc' dir='ltr'>καὶ</span> <span class='ocrx_word' id='word_1_675' title='bbox 1260 5336 1455 5407; x_wconf 80' lang='grc' dir='ltr'>ἐτέρας</span> <span class='ocrx_word' id='word_1_676' title='bbox 1499 5340 1775 5409; x_wconf 87' lang='grc' dir='ltr'>μητροπό-</span> 
     </span>
    </p>
   </div>
   <div class='ocr_carea' id='block_1_99' title="bbox 185 5422 1772 5503">
    <p class='ocr_par' dir='ltr' id='par_1_99' title="bbox 185 5422 1772 5503">
     <span class='ocr_line' id='line_1_99' title="bbox 185 5422 1772 5503; baseline 0.005 -26"><span class='ocrx_word' id='word_1_677' title='bbox 185 5426 303 5487; x_wconf 86' lang='grc' dir='ltr'>λεις</span> <span class='ocrx_word' id='word_1_678' title='bbox 337 5422 571 5493; x_wconf 81' lang='grc' dir='ltr'>ἐχούσας</span> <span class='ocrx_word' id='word_1_679' title='bbox 594 5422 684 5492; x_wconf 75' lang='grc' dir='ltr'><strong>ὑφ’</strong></span> <span class='ocrx_word' id='word_1_680' title='bbox 704 5425 905 5489; x_wconf 80' lang='grc' dir='ltr'>ἑαυτὰς</span> <span class='ocrx_word' id='word_1_681' title='bbox 928 5425 1221 5497; x_wconf 78' lang='grc' dir='ltr'>διαφόρους</span> <span class='ocrx_word' id='word_1_682' title='bbox 1245 5430 1576 5497; x_wconf 83' lang='grc' dir='ltr'>ἐπισκοπάς,</span> <span class='ocrx_word' id='word_1_683' title='bbox 1605 5432 1772 5503; x_wconf 80' lang='grc' dir='ltr'>ήγονν</span> 
     </span>
    </p>
   </div>
   <div class='ocr_carea' id='block_1_100' title="bbox 182 5516 1772 5593">
    <p class='ocr_par' dir='ltr' id='par_1_100' title="bbox 182 5516 1772 5593">
     <span class='ocr_line' id='line_1_100' title="bbox 182 5516 1772 5593; baseline 0.005 -24"><span class='ocrx_word' id='word_1_684' title='bbox 182 5518 452 5587; x_wconf 81' lang='grc' dir='ltr'>δευτέραν</span> <span class='ocrx_word' id='word_1_685' title='bbox 505 5516 604 5586; x_wconf 84' lang='grc' dir='ltr'>τὴν</span> <span class='ocrx_word' id='word_1_686' title='bbox 663 5516 1027 5584; x_wconf 84' lang='grc' dir='ltr'>Σκυθόπολιν,</span> <span class='ocrx_word' id='word_1_687' title='bbox 1061 5520 1181 5591; x_wconf 71' lang='grc' dir='ltr'>ἦτοι</span> <span class='ocrx_word' id='word_1_688' title='bbox 1210 5520 1416 5585; x_wconf 80' lang='grc' dir='ltr'>Βασάν,</span> <span class='ocrx_word' id='word_1_689' title='bbox 1452 5523 1648 5593; x_wconf 80' lang='grc' dir='ltr'>τρίτην</span> <span class='ocrx_word' id='word_1_690' title='bbox 1676 5525 1772 5587; x_wconf 82' lang='grc' dir='ltr'>τὴν</span> 
     </span>
    </p>
   </div>
   <div class='ocr_carea' id='block_1_101' title="bbox 182 5609 1773 5690">
    <p class='ocr_par' dir='ltr' id='par_1_101' title="bbox 182 5609 1773 5690">
     <span class='ocr_line' id='line_1_101' title="bbox 182 5609 1773 5690; baseline 0.007 -28"><span class='ocrx_word' id='word_1_691' title='bbox 182 5609 425 5680; x_wconf 83' lang='grc' dir='ltr'>Πέτραν,</span> <span class='ocrx_word' id='word_1_692' title='bbox 456 5612 730 5681; x_wconf 80' lang='grc' dir='ltr'>τετάρτην</span> <span class='ocrx_word' id='word_1_693' title='bbox 757 5612 857 5682; x_wconf 78' lang='grc' dir='ltr'>τὴν</span> <span class='ocrx_word' id='word_1_694' title='bbox 885 5612 1153 5684; x_wconf 87' lang='grc' dir='ltr'>Βόστρην,</span> <span class='ocrx_word' id='word_1_695' title='bbox 1174 5616 1591 5687; x_wconf 75' lang='grc' dir='ltr'>ἧτοιἈραὸίαν.</span> <span class='ocrx_word' id='word_1_696' title='bbox 1623 5619 1773 5690; x_wconf 86' lang='grc' dir='ltr'>Ἔχει</span> 
     </span>
    </p>
   </div>
   <div class='ocr_carea' id='block_1_102' title="bbox 180 5703 1773 5782">
    <p class='ocr_par' dir='ltr' id='par_1_102' title="bbox 180 5703 1773 5782">
     <span class='ocr_line' id='line_1_102' title="bbox 180 5703 1773 5782; baseline 0.008 -28"><span class='ocrx_word' id='word_1_697' title='bbox 180 5703 239 5755; x_wconf 82' lang='grc' dir='ltr'><strong>δέ</strong></span> <span class='ocrx_word' id='word_1_698' title='bbox 288 5703 384 5755; x_wconf 77' lang='grc' dir='ltr'>καὶ</span> <span class='ocrx_word' id='word_1_699' title='bbox 452 5703 867 5771; x_wconf 82' lang='grc' dir='ltr'>αὐτοκεφάλους</span> <span class='ocrx_word' id='word_1_700' title='bbox 918 5704 1228 5772; x_wconf 74' lang='grc' dir='ltr'>ἐπισκοπάς</span> <span class='ocrx_word' id='word_1_701' title='bbox 1278 5710 1643 5778; x_wconf 72' lang='grc' dir='ltr'>εἰκοσιπέντε,</span> <span class='ocrx_word' id='word_1_702' title='bbox 1694 5711 1773 5782; x_wconf 80' lang='grc' dir='ltr'><strong>μὴ</strong></span> 
     </span>
    </p>
   </div>
   <div class='ocr_carea' id='block_1_103' title="bbox 185 5795 1773 5878">
    <p class='ocr_par' dir='ltr' id='par_1_103' title="bbox 185 5795 1773 5878">
     <span class='ocr_line' id='line_1_103' title="bbox 185 5795 1773 5878; baseline 0.008 -29"><span class='ocrx_word' id='word_1_703' title='bbox 185 5795 422 5868; x_wconf 80' lang='grc' dir='ltr'>ἐχούσας</span> <span class='ocrx_word' id='word_1_704' title='bbox 448 5797 540 5867; x_wconf 80' lang='grc' dir='ltr'><strong>ὑφ’</strong></span> <span class='ocrx_word' id='word_1_705' title='bbox 578 5799 782 5863; x_wconf 70' lang='grc' dir='ltr'>ἑαυτὰς</span> <span class='ocrx_word' id='word_1_706' title='bbox 839 5801 1169 5867; x_wconf 67' lang='grc' dir='ltr'>ἐπισκοπᾶς,</span> <span class='ocrx_word' id='word_1_707' title='bbox 1216 5803 1563 5869; x_wconf 83' lang='grc' dir='ltr'>ὑπόκεινται,</span> <span class='ocrx_word' id='word_1_708' title='bbox 1604 5807 1661 5860; x_wconf 82' lang='grc' dir='ltr'><strong>δὲ</strong></span> <span class='ocrx_word' id='word_1_709' title='bbox 1694 5807 1773 5878; x_wconf 83' lang='grc' dir='ltr'>τῷ</span> 
     </span>
    </p>
   </div>
   <div class='ocr_carea' id='block_1_104' title="bbox 186 5890 1769 5972">
    <p class='ocr_par' dir='ltr' id='par_1_104' title="bbox 186 5890 1769 5972">
     <span class='ocr_line' id='line_1_104' title="bbox 186 5890 1769 5972; baseline 0.008 -29"><span class='ocrx_word' id='word_1_710' title='bbox 186 5890 365 5963; x_wconf 79' lang='grc' dir='ltr'>θρόνῳ</span> <span class='ocrx_word' id='word_1_711' title='bbox 394 5891 504 5945; x_wconf 82' lang='grc' dir='ltr'>τῶν</span> <span class='ocrx_word' id='word_1_712' title='bbox 556 5892 972 5967; x_wconf 82' lang='grc' dir='ltr'>Ἰεροσολύμων,</span> <span class='ocrx_word' id='word_1_713' title='bbox 1000 5894 1069 5953; x_wconf 88' lang='grc' dir='ltr'>α’.</span> <span class='ocrx_word' id='word_1_714' title='bbox 1100 5898 1200 5969; x_wconf 84' lang='grc' dir='ltr'>τὴν</span> <span class='ocrx_word' id='word_1_715' title='bbox 1247 5900 1611 5965; x_wconf 83' lang='grc' dir='ltr'>Διοσπόλεως,</span> <span class='ocrx_word' id='word_1_716' title='bbox 1651 5902 1769 5972; x_wconf 75' lang='grc' dir='ltr'>ἦτοι</span> 
     </span>
    </p>
   </div>
   <div class='ocr_carea' id='block_1_105' title="bbox 1884 4689 3463 4759">
    <p class='ocr_par' dir='ltr' id='par_1_105' title="bbox 1884 4689 3463 4759">
     <span class='ocr_line' id='line_1_105' title="bbox 1884 4689 3463 4759; baseline 0.006 -17"><span class='ocrx_word' id='word_1_717' title='bbox 1884 4704 1979 4759; x_wconf 91' lang='lat' dir='ltr'><strong>per</strong></span> <span class='ocrx_word' id='word_1_718' title='bbox 2008 4703 2065 4742; x_wconf 90' lang='lat' dir='ltr'><strong>se</strong></span> <span class='ocrx_word' id='word_1_719' title='bbox 2098 4701 2263 4759; x_wconf 90' lang='lat' dir='ltr'><strong>caput</strong></span> <span class='ocrx_word' id='word_1_720' title='bbox 2300 4689 2530 4744; x_wconf 86' lang='lat' dir='ltr'><strong>aliarum</strong></span> <span class='ocrx_word' id='word_1_721' title='bbox 2572 4689 2931 4745; x_wconf 88' lang='lat' dir='ltr'><strong>Ecclesiarum</strong></span> <span class='ocrx_word' id='word_1_722' title='bbox 2969 4693 3176 4748; x_wconf 79' lang='lat' dir='ltr'><strong>exstitit</strong></span> <span class='ocrx_word' id='word_1_723' title='bbox 3207 4704 3260 4749; x_wconf 91' lang='lat' dir='ltr'><strong>et</strong></span> <span class='ocrx_word' id='word_1_724' title='bbox 3290 4700 3463 4752; x_wconf 87' lang='lat' dir='ltr'><strong>tribus</strong></span> 
     </span>
    </p>
   </div>
   <div class='ocr_carea' id='block_1_106' title="bbox 1882 4785 3464 4854">
    <p class='ocr_par' dir='ltr' id='par_1_106' title="bbox 1882 4785 3464 4854">
     <span class='ocr_line' id='line_1_106' title="bbox 1882 4785 3464 4854; baseline 0.008 -17"><span class='ocrx_word' id='word_1_725' title='bbox 1882 4785 2000 4838; x_wconf 86' lang='lat' dir='ltr'><strong>aliis</strong></span> <span class='ocrx_word' id='word_1_726' title='bbox 2058 4785 2269 4841; x_wconf 89' lang='lat' dir='ltr'><strong>throuis</strong></span> <span class='ocrx_word' id='word_1_727' title='bbox 2325 4787 2585 4841; x_wconf 81' lang='lat' dir='ltr'><strong>facultate</strong></span> <span class='ocrx_word' id='word_1_728' title='bbox 2643 4802 2740 4854; x_wconf 80' lang='lat' dir='ltr'><strong>par</strong></span> <span class='ocrx_word' id='word_1_729' title='bbox 2785 4790 3052 4844; x_wconf 86' lang='lat' dir='ltr'><strong>sancitum</strong></span> <span class='ocrx_word' id='word_1_730' title='bbox 3112 4791 3464 4849; x_wconf 79' lang='lat' dir='ltr'><strong>nihiloninus</strong></span> 
     </span>
    </p>
   </div>
   <div class='ocr_carea' id='block_1_107' title="bbox 1880 4878 3467 4945">
    <p class='ocr_par' dir='ltr' id='par_1_107' title="bbox 1880 4878 3467 4945">
     <span class='ocr_line' id='line_1_107' title="bbox 1880 4878 3467 4945; baseline 0.006 -15"><span class='ocrx_word' id='word_1_731' title='bbox 1880 4883 1965 4932; x_wconf 88' lang='lat' dir='ltr'><strong>est</strong></span> <span class='ocrx_word' id='word_1_732' title='bbox 1993 4887 2113 4945; x_wconf 89' lang='lat' dir='ltr'><strong>post</strong></span> <span class='ocrx_word' id='word_1_733' title='bbox 2143 4878 2537 4932; x_wconf 83' lang='lat' dir='ltr'><strong>Antiocheuutn</strong></span> <span class='ocrx_word' id='word_1_734' title='bbox 2570 4878 2796 4934; x_wconf 83' lang='lat' dir='ltr'><strong>honore</strong></span> <span class='ocrx_word' id='word_1_735' title='bbox 2822 4879 2951 4945; x_wconf 84' lang='lat' dir='ltr'><strong>frui,</strong></span> <span class='ocrx_word' id='word_1_736' title='bbox 2974 4891 3025 4935; x_wconf 84' lang='lat' dir='ltr'><strong>et</strong></span> <span class='ocrx_word' id='word_1_737' title='bbox 3046 4883 3239 4939; x_wconf 79' lang='lat' dir='ltr'><strong>referri</strong></span> <span class='ocrx_word' id='word_1_738' title='bbox 3267 4888 3319 4941; x_wconf 85' lang='lat' dir='ltr'><strong>itt</strong></span> <span class='ocrx_word' id='word_1_739' title='bbox 3382 4888 3467 4940; x_wconf 66' lang='lat' dir='ltr'><strong>dio</strong></span> 
     </span>
    </p>
   </div>
   <div class='ocr_carea' id='block_1_108' title="bbox 1878 4970 3467 5049">
    <p class='ocr_par' dir='ltr' id='par_1_108' title="bbox 1878 4970 3467 5049">
     <span class='ocr_line' id='line_1_108' title="bbox 1878 4970 3467 5049; baseline 0.008 -28"><span class='ocrx_word' id='word_1_740' title='bbox 1878 4970 2118 5041; x_wconf 87' lang='lat' dir='ltr'><strong>ptychis,</strong></span> <span class='ocrx_word' id='word_1_741' title='bbox 2148 4980 2201 5024; x_wconf 93' lang='lat' dir='ltr'><strong>et</strong></span> <span class='ocrx_word' id='word_1_742' title='bbox 2235 4970 2417 5025; x_wconf 86' lang='lat' dir='ltr'><strong>sedem</strong></span> <span class='ocrx_word' id='word_1_743' title='bbox 2449 4986 2734 5040; x_wconf 87' lang='lat' dir='ltr'><strong>occupare.</strong></span> <span class='ocrx_word' id='word_1_744' title='bbox 2766 4972 3085 5044; x_wconf 78' lang='lat' dir='ltr'><strong>Nomenque</strong></span> <span class='ocrx_word' id='word_1_745' title='bbox 3104 4977 3205 5031; x_wconf 84' lang='lat' dir='ltr'><strong>sibi</strong></span> <span class='ocrx_word' id='word_1_746' title='bbox 3236 4981 3467 5049; x_wconf 86' lang='lat' dir='ltr'><strong>patriar-</strong></span> 
     </span>
    </p>
   </div>
   <div class='ocr_carea' id='block_1_109' title="bbox 1879 5060 3462 5142">
    <p class='ocr_par' dir='ltr' id='par_1_109' title="bbox 1879 5060 3462 5142">
     <span class='ocr_line' id='line_1_109' title="bbox 1879 5060 3462 5142; baseline 0.008 -26"><span class='ocrx_word' id='word_1_747' title='bbox 1879 5062 1993 5116; x_wconf 71' lang='lat' dir='ltr'><strong>chae</strong></span> <span class='ocrx_word' id='word_1_748' title='bbox 2023 5060 2550 5133; x_wconf 80' lang='lat' dir='ltr'><strong>Hierosolymitanus</strong></span> <span class='ocrx_word' id='word_1_749' title='bbox 2580 5064 2783 5132; x_wconf 84' lang='lat' dir='ltr'><strong>habuit,</strong></span> <span class='ocrx_word' id='word_1_750' title='bbox 2844 5066 2969 5121; x_wconf 83' lang='lat' dir='ltr'><strong>licet</strong></span> <span class='ocrx_word' id='word_1_751' title='bbox 2994 5079 3151 5123; x_wconf 85' lang='lat' dir='ltr'><strong>antea</strong></span> <span class='ocrx_word' id='word_1_752' title='bbox 3171 5072 3462 5142; x_wconf 89' lang='lat' dir='ltr'><strong>episcopus</strong></span> 
     </span>
    </p>
   </div>
   <div class='ocr_carea' id='block_1_110' title="bbox 1877 5159 3465 5227">
    <p class='ocr_par' dir='ltr' id='par_1_110' title="bbox 1877 5159 3465 5227">
     <span class='ocr_line' id='line_1_110' title="bbox 1877 5159 3465 5227; baseline 0.009 -15"><span class='ocrx_word' id='word_1_753' title='bbox 1877 5170 2022 5215; x_wconf 86' lang='lat' dir='ltr'><strong>esset</strong></span> <span class='ocrx_word' id='word_1_754' title='bbox 2077 5161 2179 5215; x_wconf 90' lang='lat' dir='ltr'><strong>sub</strong></span> <span class='ocrx_word' id='word_1_755' title='bbox 2203 5159 2523 5215; x_wconf 68' lang='lat' dir='ltr'><strong>Caesariensi</strong></span> <span class='ocrx_word' id='word_1_756' title='bbox 2577 5160 2907 5227; x_wconf 55' lang='lat' dir='ltr'><strong>Palaestinae,</strong></span> <span class='ocrx_word' id='word_1_757' title='bbox 2940 5180 3063 5220; x_wconf 90' lang='lat' dir='ltr'><strong>cum</strong></span> <span class='ocrx_word' id='word_1_758' title='bbox 3088 5167 3231 5222; x_wconf 90' lang='lat' dir='ltr'><strong>illius</strong></span> <span class='ocrx_word' id='word_1_759' title='bbox 3264 5182 3465 5226; x_wconf 91' lang='lat' dir='ltr'><strong>metro-</strong></span> 
     </span>
    </p>
   </div>
   <div class='ocr_carea' id='block_1_111' title="bbox 1876 5255 3463 5337">
    <p class='ocr_par' dir='ltr' id='par_1_111' title="bbox 1876 5255 3463 5337">
     <span class='ocr_line' id='line_1_111' title="bbox 1876 5255 3463 5337; baseline 0.009 -28"><span class='ocrx_word' id='word_1_760' title='bbox 1876 5256 2013 5328; x_wconf 87' lang='lat' dir='ltr'><strong>polis</strong></span> <span class='ocrx_word' id='word_1_761' title='bbox 2064 5255 2307 5314; x_wconf 59' lang='lat' dir='ltr'><strong>Caasarea</strong></span> <span class='ocrx_word' id='word_1_762' title='bbox 2342 5266 2506 5325; x_wconf 85' lang='lat' dir='ltr'><strong>esset,</strong></span> <span class='ocrx_word' id='word_1_763' title='bbox 2535 5267 2591 5314; x_wconf 89' lang='lat' dir='ltr'><strong>et</strong></span> <span class='ocrx_word' id='word_1_764' title='bbox 2645 5258 2878 5317; x_wconf 58' lang='lat' dir='ltr'><strong>Cassam:</strong></span> <span class='ocrx_word' id='word_1_765' title='bbox 2914 5262 3313 5337; x_wconf 83' lang='lat' dir='ltr'><strong>Hierosolyma,</strong></span> <span class='ocrx_word' id='word_1_766' title='bbox 3344 5277 3463 5323; x_wconf 88' lang='lat' dir='ltr'><strong>tau-</strong></span> 
     </span>
    </p>
   </div>
   <div class='ocr_carea' id='block_1_112' title="bbox 1879 5351 3458 5425">
    <p class='ocr_par' dir='ltr' id='par_1_112' title="bbox 1879 5351 3458 5425">
     <span class='ocr_line' id='line_1_112' title="bbox 1879 5351 3458 5425; baseline 0.01 -23"><span class='ocrx_word' id='word_1_767' title='bbox 1879 5365 2039 5421; x_wconf 86' lang='lat' dir='ltr'><strong>quam</strong></span> <span class='ocrx_word' id='word_1_768' title='bbox 2075 5366 2195 5421; x_wconf 75' lang='lat' dir='ltr'><strong>qua:</strong></span> <span class='ocrx_word' id='word_1_769' title='bbox 2231 5351 2495 5407; x_wconf 64' lang='lat' dir='ltr'><strong>Casareae</strong></span> <span class='ocrx_word' id='word_1_770' title='bbox 2534 5352 2880 5425; x_wconf 89' lang='lat' dir='ltr'><strong>episcopatus</strong></span> <span class='ocrx_word' id='word_1_771' title='bbox 2910 5368 3050 5425; x_wconf 90' lang='lat' dir='ltr'><strong>erat,</strong></span> <span class='ocrx_word' id='word_1_772' title='bbox 3078 5360 3458 5418; x_wconf 88' lang='lat' dir='ltr'><strong>subderentur.</strong></span> 
     </span>
    </p>
   </div>
   <div class='ocr_carea' id='block_1_113' title="bbox 1878 5442 3464 5525">
    <p class='ocr_par' dir='ltr' id='par_1_113' title="bbox 1878 5442 3464 5525">
     <span class='ocr_line' id='line_1_113' title="bbox 1878 5442 3464 5525; baseline 0.008 -28"><span class='ocrx_word' id='word_1_773' title='bbox 1878 5442 2079 5498; x_wconf 85' lang='lat' dir='ltr'><strong>Habuit</strong></span> <span class='ocrx_word' id='word_1_774' title='bbox 2125 5458 2255 5499; x_wconf 86' lang='lat' dir='ltr'><strong>vero</strong></span> <span class='ocrx_word' id='word_1_775' title='bbox 2307 5455 2363 5498; x_wconf 90' lang='lat' dir='ltr'><strong>et</strong></span> <span class='ocrx_word' id='word_1_776' title='bbox 2388 5443 2523 5498; x_wconf 88' lang='lat' dir='ltr'><strong>alias</strong></span> <span class='ocrx_word' id='word_1_777' title='bbox 2579 5447 2903 5517; x_wconf 86' lang='lat' dir='ltr'><strong>tnetropoles</strong></span> <span class='ocrx_word' id='word_1_778' title='bbox 2956 5464 3076 5519; x_wconf 68' lang='lat' dir='ltr'><strong>quae</strong></span> <span class='ocrx_word' id='word_1_779' title='bbox 3123 5453 3306 5508; x_wconf 89' lang='lat' dir='ltr'><strong>varios</strong></span> <span class='ocrx_word' id='word_1_780' title='bbox 3346 5457 3464 5525; x_wconf 86' lang='lat' dir='ltr'><strong>epi-</strong></span> 
     </span>
    </p>
   </div>
   <div class='ocr_carea' id='block_1_114' title="bbox 1877 5536 3435 5618">
    <p class='ocr_par' dir='ltr' id='par_1_114' title="bbox 1877 5536 3435 5618">
     <span class='ocr_line' id='line_1_114' title="bbox 1877 5536 3435 5618; baseline 0.01 -32"><span class='ocrx_word' id='word_1_781' title='bbox 1877 5544 2133 5611; x_wconf 82' lang='lat' dir='ltr'><strong>scopatus</strong></span> <span class='ocrx_word' id='word_1_782' title='bbox 2155 5537 2254 5591; x_wconf 86' lang='lat' dir='ltr'><strong>sub</strong></span> <span class='ocrx_word' id='word_1_783' title='bbox 2292 5549 2351 5590; x_wconf 87' lang='lat' dir='ltr'><strong>se</strong></span> <span class='ocrx_word' id='word_1_784' title='bbox 2377 5536 2671 5603; x_wconf 86' lang='lat' dir='ltr'><strong>habebant,</strong></span> <span class='ocrx_word' id='word_1_785' title='bbox 2703 5553 2894 5610; x_wconf 88' lang='lat' dir='ltr'><strong>nempe</strong></span> <span class='ocrx_word' id='word_1_786' title='bbox 2909 5544 3210 5599; x_wconf 88' lang='lat' dir='ltr'><strong>secundam</strong></span> <span class='ocrx_word' id='word_1_787' title='bbox 3230 5545 3435 5618; x_wconf 84' lang='lat' dir='ltr'><strong>Scytbo</strong></span> 
     </span>
    </p>
   </div>
   <div class='ocr_carea' id='block_1_115' title="bbox 1877 5628 3458 5705">
    <p class='ocr_par' dir='ltr' id='par_1_115' title="bbox 1877 5628 3458 5705">
     <span class='ocr_line' id='line_1_115' title="bbox 1877 5628 3458 5705; baseline 0.009 -24"><span class='ocrx_word' id='word_1_788' title='bbox 1877 5628 2037 5696; x_wconf 87' lang='lat' dir='ltr'><strong>polim</strong></span> <span class='ocrx_word' id='word_1_789' title='bbox 2058 5632 2169 5683; x_wconf 90' lang='lat' dir='ltr'><strong>sive</strong></span> <span class='ocrx_word' id='word_1_790' title='bbox 2187 5628 2384 5695; x_wconf 75' lang='lat' dir='ltr'><strong>Busan,</strong></span> <span class='ocrx_word' id='word_1_791' title='bbox 2411 5631 2622 5685; x_wconf 88' lang='lat' dir='ltr'><strong>tertiam</strong></span> <span class='ocrx_word' id='word_1_792' title='bbox 2646 5629 2885 5699; x_wconf 82' lang='lat' dir='ltr'><strong>Petram,</strong></span> <span class='ocrx_word' id='word_1_793' title='bbox 2908 5646 3155 5704; x_wconf 88' lang='lat' dir='ltr'><strong>quartam</strong></span> <span class='ocrx_word' id='word_1_794' title='bbox 3188 5638 3458 5705; x_wconf 86' lang='lat' dir='ltr'><strong>Bostram,</strong></span> 
     </span>
    </p>
   </div>
   <div class='ocr_carea' id='block_1_116' title="bbox 1876 5720 3457 5799">
    <p class='ocr_par' dir='ltr' id='par_1_116' title="bbox 1876 5720 3457 5799">
     <span class='ocr_line' id='line_1_116' title="bbox 1876 5720 3457 5799; baseline 0.007 -24"><span class='ocrx_word' id='word_1_795' title='bbox 1876 5721 1990 5775; x_wconf 86' lang='lat' dir='ltr'><strong>sive</strong></span> <span class='ocrx_word' id='word_1_796' title='bbox 2027 5721 2302 5775; x_wconf 79' lang='lat' dir='ltr'><strong>Arabiam.</strong></span> <span class='ocrx_word' id='word_1_797' title='bbox 2351 5720 2523 5777; x_wconf 87' lang='lat' dir='ltr'><strong>Habet</strong></span> <span class='ocrx_word' id='word_1_798' title='bbox 2563 5732 2822 5791; x_wconf 67' lang='lat' dir='ltr'><strong>praeterea</strong></span> <span class='ocrx_word' id='word_1_799' title='bbox 2853 5734 2909 5779; x_wconf 90' lang='lat' dir='ltr'><strong>et</strong></span> <span class='ocrx_word' id='word_1_800' title='bbox 2940 5728 3457 5799; x_wconf 84' lang='lat' dir='ltr'><strong>archiepiscopatus,</strong></span> 
     </span>
    </p>
   </div>
   <div class='ocr_carea' id='block_1_117' title="bbox 1878 5812 3461 5888">
    <p class='ocr_par' dir='ltr' id='par_1_117' title="bbox 1878 5812 3461 5888">
     <span class='ocr_line' id='line_1_117' title="bbox 1878 5812 3461 5888; baseline 0.006 -21"><span class='ocrx_word' id='word_1_801' title='bbox 1878 5813 2079 5867; x_wconf 87' lang='lat' dir='ltr'><strong>nemini</strong></span> <span class='ocrx_word' id='word_1_802' title='bbox 2101 5812 2387 5878; x_wconf 76' lang='lat' dir='ltr'><strong>obnoxios,</strong></span> <span class='ocrx_word' id='word_1_803' title='bbox 2412 5813 2600 5883; x_wconf 80' lang='lat' dir='ltr'><strong>viginti</strong></span> <span class='ocrx_word' id='word_1_804' title='bbox 2625 5814 2861 5884; x_wconf 75' lang='lat' dir='ltr'><strong>quinque</strong></span> <span class='ocrx_word' id='word_1_805' title='bbox 2886 5816 3048 5873; x_wconf 90' lang='lat' dir='ltr'><strong>nullis</strong></span> <span class='ocrx_word' id='word_1_806' title='bbox 3061 5819 3461 5888; x_wconf 88' lang='lat' dir='ltr'><strong>episcopatibus</strong></span> 
     </span>
    </p>
   </div>
   <div class='ocr_carea' id='block_1_118' title="bbox 1877 5904 3456 5981">
    <p class='ocr_par' dir='ltr' id='par_1_118' title="bbox 1877 5904 3456 5981">
     <span class='ocr_line' id='line_1_118' title="bbox 1877 5904 3456 5981; baseline 0.006 -22"><span class='ocrx_word' id='word_1_807' title='bbox 1877 5904 2109 5972; x_wconf 84' lang='lat' dir='ltr'><strong>nobiles,</strong></span> <span class='ocrx_word' id='word_1_808' title='bbox 2163 5914 2215 5961; x_wconf 90' lang='lat' dir='ltr'><strong>et</strong></span> <span class='ocrx_word' id='word_1_809' title='bbox 2254 5905 2347 5975; x_wconf 84' lang='lat' dir='ltr'><strong>qui</strong></span> <span class='ocrx_word' id='word_1_810' title='bbox 2400 5905 2680 5974; x_wconf 65' lang='lat' dir='ltr'><strong>sulijacent</strong></span> <span class='ocrx_word' id='word_1_811' title='bbox 2721 5906 2914 5963; x_wconf 87' lang='lat' dir='ltr'><strong>throno</strong></span> <span class='ocrx_word' id='word_1_812' title='bbox 2947 5908 3456 5981; x_wconf 78' lang='lat' dir='ltr'><strong>llierosolyunitano.</strong></span> 
     </span>
    </p>
   </div>
  </div>
