4194 6444
716 414 865 484 1103

2022 407 2187 467 NlLI
2228 405 2697 467 DOXOPATRII

3835 395 3988 465 110‘

723 524 1080 595 nieiropnlitis
1103 512 1202 576 sub
1227 534 1413 576 eorum
1438 518 1642 573 ditione
1663 516 1999 587 praecellunt,
2032 518 2215 571 Statim
2243 531 2301 569 se

2408 518 2505 586 τῆς
2547 513 2873 583 ἀνατλικῆς
2908 513 3247 581 διοικήσεως,
3279 513 3328 564 οἱ
3371 512 3691 584 προέχοντες
3738 517 3849 569 τῶν
3880 518 3986 570 ἆλ-

721 617 1094 670 suhmiseiunt
1148 627 1268 664 cuin
1366 608 1792 676 metropolitanis
1862 609 1963 662 sibi
2039 606 2301 675 subjectis

720 703 1346 772 ConstantinOpolitano,
1398 700 1747 754 Caesariensis
1775 700 1985 753 scilicet
2020 698 2303 768 Cappado-

724 798 845 862 ciae,
872 807 925 850 et
955 793 1259 863 Ephesinus
1283 793 1335 846 in
1369 791 1519 856 Asia,
1557 804 1607 844 et
1629 806 1693 846 ex
1722 806 1786 845 eo
1815 801 2055 860 tempore
2086 805 2303 859 semper

722 888 824 941 sub
872 863 1488 950 ‘Constautinopolitano
1571 878 1805 935 fuerunt.
1870 880 2100 946 Quinam
2173 895 2303 934 vero

723 979 780 1033 hi
845 976 1045 1030 fuerim
1074 984 1127 1029 et
1160 982 1312 1043 quot,
1363 971 1504 1027 infra
1535 972 1798 1026 dicemus.
1830 972 2036 1045 Rursus
2068 987 2132 1026 ex
2158 974 2305 1025 occi-

726 1068 930 1127 dentali
961 1065 1184 1121 dioecesi
1248 1064 1354 1119 duo
1385 1064 1603 1119 exarchi
1653 1062 1903 1117 similiter
1932 1062 2152 1132 reliquis
2187 1076 2303 1117 me-

730 1165 1002 1238 tropolitis
1032 1164 1289 1232 subjectis
1322 1161 1491 1217 multo
1531 1159 1958 1232 prastantiores,
1988 1157 2302 1214 Constanti-

721 1258 1038 1328 nopolitano
1062 1271 1122 1311 se
1160 1253 1506 1323 subiecerunt
1536 1269 1550 1306 :
1579 1250 2081 1305 Thessalonicensis
2111 1264 2304 1318 nempe

722 1364 779 1409 et
808 1351 1120 1407 Corinthius
1151 1365 1168 1403 :
1204 1354 1339 1419 quos
1362 1346 1531 1401 secuti
1564 1355 1687 1400 sunt
1724 1344 2083 1413 metropolitze
2111 1343 2302 1413 reliqui

720 1458 776 1503 et
797 1442 1204 1513 archiepiscopi,
1231 1440 1322 1510 qui
1353 1438 1455 1494 sub
1473 1438 1578 1493 illis
1599 1446 1777 1494 erant.
1798 1437 1902 1491 Sed
1928 1446 1980 1491 et
2003 1437 2053 1491 hi
2084 1437 2303 1506 quinam

724 1547 781 1594 et
830 1544 959 1604 quot
992 1531 1344 1587 fuerintinfra
1378 1540 1792 1599 prosequemur.
1817 1524 2001 1580 Sicilia
2042 1536 2304 1594 praeterea

725 1640 780 1684 et
826 1609 1077 1683 Calabria
1138 1640 1200 1679 se
1250 1619 1853 1689 Constantinopolitano
1882 1626 2304 1688 supposuerunt,

724 1734 779 1775 et
824 1727 1007 1775 sancta
1047 1716 1327 1779 Severina,
1384 1727 1507 1783 qua
1565 1721 1620 1767 et
1670 1710 1944 1781 Nicopolis
1965 1712 2180 1766 dicitur.
2213 1711 2305 1765 Si-

722 1814 847 1868 cilia
906 1821 1081 1865 autem
1137 1809 1389 1862 universa
1440 1822 1606 1860 unum
1684 1803 2076 1873 Metropolitam
2145 1802 2305 1857 habet

724 1904 1163 1975 Syracusanum;
1197 1898 1418 1969 reliquie
1446 1910 1573 1951 vero
1604 1894 1800 1949 Sicilia:
1844 1894 2098 1949 Ecclesia:
2135 1894 2305 1963 Syra-
2334 1877 2377 1933 Β

720 1994 908 2050 cusani
960 2001 1115 2048 erant
1142 1989 1504 2059 episcopatus,
1543 1986 1706 2041 etiam
1761 1986 1876 2056 ipse
1918 1984 2219 2040 Panormus
2252 1994 2307 2039 et

720 2082 983 2150 Therma,
1029 2094 1081 2138 et
1132 2078 1585 2151 Cephalundium,
1630 2086 1685 2133 et
1754 2076 1994 2146 reliquae.
2056 2076 2305 2131 Calabria

726 2192 942 2248 quoque
1006 2188 1172 2228 unum
1232 2172 1632 2242 metwpolitam
1691 2169 2020 2245 Rheginum,
2072 2168 2306 2238 reliquas

722 2282 849 2324 vero
876 2265 1144 2319 Ecclesias
1160 2265 1504 2334 episcopatus
1527 2260 1630 2315 sibi
1684 2260 1989 2313 vindicabat
2016 2275 2031 2313 :
2064 2258 2309 2312 Tauria-

722 2376 844 2414 nam
910 2360 964 2413 in
1016 2371 1121 2427 qua
1160 2354 1331 2411 sancti
1357 2352 1533 2408 Fatini
1556 2352 1942 2406 monasterium
1984 2360 2067 2406 est
2101 2365 2115 2402 :
2147 2348 2307 2404 Bibo-

729 2455 849 2507 nem
905 2449 1058 2518 cujus
1093 2448 1267 2502 locum
1300 2446 1587 2515 occupavit
1613 2442 1848 2497 Miletum
1882 2458 1898 2508 ;
1934 2440 2304 2497 Constantiam

720 2560 839 2615 qua:
876 2541 1164 2599 Consentia
1217 2554 1360 2593 nunc
1406 2538 1644 2602 dicitur;
1699 2544 1753 2590 et
1804 2536 2043 2604 reliquas
2092 2550 2303 2603 omnes,

722 2634 989 2690 Calabriae
1038 2630 1331 2699 subjectas.
1370 2626 1497 2680 Erat
1535 2637 1585 2678 et
1610 2635 1797 2679 sancta
1822 2624 2083 2679 Severina
2109 2636 2308 2680 metrov

730 2726 890 2796 polis,
939 2724 1163 2777 diabcns
1207 2730 1261 2775 et
1311 2719 1427 2789 ipsa
1486 2719 1585 2772 sub
1635 2732 1693 2772 se
1720 2719 1898 2772 varios
1942 2718 2307 2787 episcopatus,

724 2815 1035 2886 Callipolin,
1085 2812 1267 2883 Asyla,
1291 2811 1694 2865 Acherontiam.
1718 2820 1773 2864 et
1801 2809 2073 2877 reliquas;
2102 2819 2154 2865 et
2185 2818 2311 2863 sunt

726 2910 810 2963 ha:
827 2905 1083 2962 Ecclesia:
1112 2902 1395 2971 descripta:
1420 2902 1470 2954 in
1494 2899 1731 2955 Tactieis
1780 2898 2178 2954 Nomocanonis
2210 2900 2310 2953 sub

728 3001 928 3053 throno
983 2992 1604 3062 Constantinopolitano,
1661 2993 1755 3046 sed
1810 3001 1865 3045 et
1894 2990 2165 3045 Cantanea
2194 2991 2309 3060 ipsa

727 3090 1026 3159 antiquitus
1091 3100 1212 3139 cum
1295 3094 1440 3139 esset
1504 3084 1847 3153 episcOpatus
1922 3092 2142 3151 pr0pter
2182 3098 2311 3137 san-

732 3190 877 3234 ctum
909 3177 1167 3241 Leonem,
1223 3174 1464 3243 ejusdem
1484 3174 1820 3244 episcOpum,
1864 3174 1930 3228 ab
1965 3174 2309 3242 imperatori-

734 3272 835 3325 bus
894 3272 960 3322 ad
1012 3268 1534 3337 archiepiscopatum
1588 3275 1774 3320 evecta
1831 3277 1953 3320 est:
1986 3276 2311 3336 quapropter

732 3363 939 3420 nullum
966 3363 1079 3432 ipsa
1114 3361 1214 3415 sub
1244 3374 1305 3415 se
1360 3359 1731 3428 episcOpatum
1771 3358 1949 3422 habet,
1981 3359 2309 3413 liceteadem

730 3459 785 3510 in
852 3453 1089 3507 Taciicis
1136 3451 1276 3505 inter
1304 3454 1461 3505 sedes
1493 3451 2088 3518 Constantinopolitano
2131 3452 2311 3519 subje-

728 3524 1284 3601 etas'adnumeretur.
1315 3542 1552 3593 Annexa:
1576 3543 1757 3610 itaque
1785 3542 1999 3604 Sicilia,
2021 3542 2305 3605 Calabrim,

729 3637 1050 3704 Sanctmque
1084 3634 1360 3687 Severinae
1391 3634 1550 3687 sedes
1594 3634 1786 3687 throno
1809 3632 2319 3705 (ἷωιιειιιηιὶιιυροιὶέ

728 3742 875 3793 tano,
909 3744 938 3780 a
1002 3726 1245 3781 Romano
1312 3725 1533 3788 avulsae,
1569 3740 1691 3778 cum
1729 3723 1946 3777 Barbari
1971 3720 2342 3791 deprehenso',

726 3835 862 3890 papa
925 3817 1151 3873 Romam
1199 3817 1429 3886 spolium
1496 3816 1693 3870 factam
1765 3816 1818 3869 in
1867 3818 2112 3884 proprios
2177 3832 2306 3870 usus

726 3921 1160 3967 converterunt:
1199 3908 1652 3979 quemadmodum
1704 3916 1755 3962 et
1810 3907 1991 3971 Creta,
2046 3908 2147 3963 Sub
2196 3909 2306 3961 ﬂo-

724 4018 888 4058 tnano
916 4018 1037 4057 cum
1062 4010 1225 4068 esset,
1259 4001 1359 4055 sub
1394 3999 1987 4067 Constantinopolitano
2023 3998 2164 4052 facta
2200 4010 2303 4053 Bal.

728 4093 1092 4149 Nihilominus
1173 4090 1409 4162 pontifex
1472 4091 1602 4145 viles
1663 4091 1921 4158 quasdam
2000 4100 2202 4158 partes,
2252 4098 2306 4140 et

724 4182 1064 4249 cpiscOpatus
1105 4179 1390 4234 nonnullos
1433 4180 1487 4232 in
1532 4178 1713 4233 Sicilia
1743 4188 1796 4232 et
1820 4178 2065 4232 Calabria
2108 4180 2306 4231 habere

724 4272 1164 4341 deprehenditur.
1230 4271 1551 4339 Metmpoles
1578 4271 1719 4323 enim
1748 4279 1801 4323 et
1837 4273 1996 4324 urbes
2028 4271 2081 4323 in
2116 4270 2304 4323 eadem

728 4365 1057 4418 illustriores
1102 4378 1166 4417 ac
1199 4363 1470 4428 digniores
1514 4362 2148 4430 Constantinopolitauus
2175 4378 2304 4429 pos-

727 4456 940 4509 sidebat
989 4468 1161 4523 usque
1206 4454 1272 4507 ad
1306 4451 1636 4507 Francorum
1665 4454 1977 4508 adventum.
2026 4452 2116 4507 Sic
2143 4454 2305 4506 etiam

2403 608 2510 661 λων
2531 607 2969 678 μητροτιολιτῶν,
2998 607 3107 658 τῶν
3133 606 3237 659 ὑπὸ
3266 608 3364 677 τὴν
3392 608 3573 661 αὐτῶν
3595 609 3623 660 δ
3650 610 3982 678 ακράτησιν,

2404 700 2693 767 ὑπέκυψαν
2732 701 2931 753 αὐτίκα
2981 700 3080 753 σὺν
3108 703 3221 763 τοῖς
3269 702 3361 754 ὑπ’
3396 702 3579 753 αὐτῶν
3644 704 3985 771 μητροπολίς

2403 810 2525 856 ταις
2559 792 2638 863 τῷ
2697 793 3354 857 Κωνσταντινουπόλεως,
3388 793 3508 863 ἦτοι
3560 796 3588 847 6
3638 797 3983 865 Καισαρείας

2404 882 2830 946 Καππαδοκίας,
2877 883 2969 934 καὶ
2999 883 3032 934 6
3076 882 3305 950 Ἑφέσου
3352 882 3454 953 τῆς
3498 884 3703 947 Ἀσίας,
3756 888 3852 937 καὶ⁸
3899 885 3995 936 εκ-

2403 993 2525 1030 τοτε
2577 975 2805 1045 ἔμειναν
2859 976 2963 1028 ὑπὸ
2998 972 3089 1027 τὸν
3135 976 3792 1041 Κωνσταντινουπόλεως.
3825 980 3989 1043 Τίνες

2402 1068 2461 1121 δὲ
2517 1060 2665 1119 οὗτοι
2726 1067 2821 1119 καὶ
2861 1066 3041 1129 πόσοι,
3093 1064 3320 1137 ὕστερον
3374 1067 3748 1137 ἐκθησόμεθα.
3812 1070 3988 1124 Πάλιν

2405 1161 2514 1215 ἀπὸ
2564 1160 2664 1230 τῆς
2717 1160 2938 1229 δυτικῆς
3006 1160 3331 1228 διοικήσεως
3382 1160 3475 1213 δύο
3528 1161 3749 1233 ἔξαρχοι
3774 1164 3984 1233 ὁμοίως

2406 1252 2693 1322 ὑπέκυψαν
2719 1253 2840 1305 τότε
2864 1252 2942 1322 τῷ
2974 1254 3629 1320 Κωνσταντινουπόλεως,
3652 1257 3987 1326 προέχοντες

2403 1347 2512 1401 τῶν
2542 1345 2746 1404 λοιπῶν
2778 1345 3219 1416 μητροπολιτῶν,
3244 1346 3353 1399 τῶν
3382 1347 3486 1399 ὑπὸ
3515 1356 3615 1418 την
3646 1350 3829 1402 αὐτῶν
3855 1349 3988 1402 διοέ-

2405 1457 2593 1510 κησιν,
2630 1442 2657 1493 6
2689 1438 3099 1506 Θεσσαλονίκης
3117 1440 3212 1491 καὶ
3240 1440 3267 1491 6
3292 1440 3582 1510 Κορίνθου,
3638 1441 3732 1493 καὶ
3764 1442 3989 1510 ηκολού·

2406 1536 2581 1604 θησαν
2611 1532 2828 1595 τούτοις
2860 1532 2959 1586 καὶ
2981 1534 3029 1585 οί
3056 1532 3150 1585 ὑπ’
3182 1532 3384 1595 αὐτοὺς
3440 1533 3843 1603 μητροπολίται
3894 1536 3988 1587 καὶ

2405 1606 2849 1693 δρχιεπίσκοποι,
2902 1620 2998 1673 καὶ
3059 1615 3206 1673 οὗτοι
3267 1622 3373 1674 ὑπὸ
3406 1622 3497 1673 τὸν
3532 1624 3986 1677 Κωνσταντινου-

2405 1713 2636 1773 πόλεως.
2688 1707 2856 1761 Ἀλλὰ
2893 1711 2987 1761 καὶ
3021 1704 3168 1762 οὗτοι
3198 1710 3345 1771 τίνες
3375 1710 3468 1763 καὶ
3519 1711 3675 1763 πόσοι
3727 1712 3987 1781 ἐροῦμεν.

2420 1801 2580 1852 Ἀλλὰ
2618 1797 2712 1851 καὶ
2744 1799 2776 1867 η
2806 1797 3030 1850 Σικελία
3061 1797 3201 1865 μετὰ
3228 1797 3422 1861 ταῦτα,
3450 1798 3542 1849 καὶ
3573 1797 3869 1868 Καλασρία
3899 1802 3986 1866 γέ·

2406 1910 2562 1961 γονεν
2591 1893 2697 1944 ὑπὸ
2735 1891 2827 1944 τὸν
2859 1889 3509 1955 Κωνσταντινουπόλεως,
3544 1893 3637 1943 καὶ
3672 1892 3704 1961 ὴ
3731 1893 3863 1959 ἁγία
3891 1894 3986 1945 Σε-

2406 1986 2621 2057 6ερίνη,
2659 1987 2693 2055 ἡ
2725 1985 2818 2039 καὶ
2846 1985 3141 2046 Νικόπολις
3170 1983 3506 2053 καλουμένη.
3537 1982 3661 2053 Εἶχε
3686 1986 3743 2037 δὲ
3768 1987 3799 2053 ἡ
3830 1986 3987 2062 Σικεο

2405 2079 2495 2132 λία
2527 2080 2676 2132 πᾶσα
2707 2080 2802 2132 ἕνα
2836 2082 3251 2149 μητροπολίτην
3290 2081 3383 2131 τὶν
3428 2080 3806 2148 Συρακούσης,
3846 2071 3988 2132 αι’δὲ

2406 2175 2563 2229 ἄλλαι
2620 2175 2795 2227 πᾶσαι
2869 2174 3161 2244 ἐκκλησίαι
3218 2173 3316 2241 τῆς
3379 2172 3625 2235 Σικελίας
3685 2174 3987 2225 ἐπισκοπαὶ

2404 2264 2545 2339 ἦσαν
2575 2267 2668 2320 τοῦ
2712 2266 3091 2335 Συρακούσης,
3126 2266 3220 2318 καὶ
3252 2264 3387 2318 αὐτὸ
3436 2266 3497 2316 τὸ
3550 2265 3860 2335 Ιῐάνορμον.
3898 2266 3989 2316 καὶ

2407 2362 2475 2414 τὰ
2503 2360 2716 2430 Θερμὰ,
2742 2360 2838 2411 καί
2867 2359 2928 2411 τὸ
2956 2357 3347 2427 Κεφαλούδιον,
3382 2359 3474 2410 καὶ
3508 2358 3573 2410 τὰ
3615 2358 3797 2411 λοιπά.
3845 2358 3911 2409 Ίί
3936 2358 3988 2409 δὲ

2407 2451 2700 2521 Καλαὸρξα
2760 2452 2923 2503 πάλιν
2982 2450 3079 2502 ἕνα
3152 2453 3563 2519 μητροπολίτην
3606 2450 3695 2500 τὸν
3743 2448 3987 2517 Ῥηγίου.

2409 2540 2539 2612 Εἶχε
2570 2542 2757 2619 δὲ’·τὰς
2792 2542 2959 2603 ἄλλας
2988 2542 3288 2612 ἐκκλησίας
3309 2541 3617 2603 ἐπιακοπὰς
3647 2543 3733 2610 ὑφ’
3763 2542 3991 2609 ἑαυτὴν,

2409 2634 2578 2702 ἤγουν
2632 2631 2731 2700 τὴν
2789 2632 3129 2699 Ταυριανην,
3187 2632 3321 2683 ὅπου
3373 2632 3401 2682 6
3435 2632 3591 2695 ἅγιος
3637 2632 3895 2691 Φαντῖνος
3933 2632 3992 2681 τὸ

2414 2723 2805 2792 μοναστήριον,
2840 2721 2939 2791 τὴν
2969 2721 3237 2789 Βιϐιὶινην,
3268 2722 3384 2773 ἀνθ’
3408 2716 3474 2791 ἦς
3504 2721 3599 2772 νῦν
3625 2724 3684 2771 τὸ
3717 2722 3988 2788 Μίλητιν,

2409 2815 2508 2883 τὴν
2532 2815 2944 2885 Κωνστάντιαν,
2970 2814 3068 2884 τὴν
3096 2815 3190 2866 καὶ
3212 2814 3535 2866 Κονσεντὶαν
3555 2814 3647 2864 νῦν
3664 2815 3988 2882 λεγομένην,

2412 2909 2505 2959 καὶ
2535 2907 2632 2968 τὰς
2666 2906 2861 2968 λοιπὰς
2884 2908 3082 2967 πάσας,
3114 2910 3212 2968 τὰς
3247 2906 3351 2957 ὑπὸ
3382 2908 3480 2976 τὴν
3507 2905 3848 2973 Καλαὸρίαν.
3887 2900 3991 2955 Ἦν

2411 2996 2468 3049 δὲ
2506 2998 2657 3066 καὶὴ
2723 2998 2855 3065 ἁγία
2916 2998 3178 3067 Σεδερίνη
3234 2997 3569 3066 μητρόπολις
3644 2998 3845 3065 ἔχουσα
3902 2997 3996 3049 καὶ

2412 3091 2554 3159 αύτὴ
2608 3090 2898 3160 διαφόρους
2954 3090 3284 3153 ὲπισκοπὰς,
3332 3090 3405 3151 ὡς
3439 3092 3537 3158 τὴν
3571 3089 3991 3153 Καλλιούπολιν,

2411 3182 2482 3234 τὰ
2514 3182 2743 3247 Ἀσυλα,
2806 3182 2905 3251 τὴν
2951 3182 3320 3251 Ἀχεροντίαν,
3358 3182 3450 3233 καὶ
3502 3181 3601 3244 τὰς
3643 3181 3862 3243 λοιπὰς,
3902 3184 3993 3232 καὶ

2415 3275 2552 3327 εἰσὶν
2588 3276 3082 3343 ἀναγεγραμμέναι
3133 3275 3230 3326 καὶ
3289 3276 3455 3326 αὐταὶ
3488 3276 3544 3325 αἱ
3590 3274 3885 3344 ἐκκλησίαι
3934 3276 3992 3325 ἐν

2413 3367 2525 3427 τοῖς
2565 3363 2858 3422 Τακτικοῖς
2909 3363 3003 3415 τοῦ
3055 3363 3439 3431 Νομοκανόνου
3495 3363 3553 3414 ὲν
3607 3365 3715 3423 τοῖς
3780 3361 3995 3430 θρόνοις

2413 3456 3076 3520 Κιρνσταντινουπόλεως.
3128 3453 3286 3505 Ἀλλὰ
3354 3454 3447 3505 καὶ¹
3503 3454 3641 3521 αύτὴ
3699 3453 3993 3521 ήΚατάνη

2413 3534 2695 3619 ἐπισκοπὴ
2726 3547 2860 3601 οὖσα
2900 3547 2960 3599 τὺ
2986 3548 3221 3600 παλαιὸν
3247 3548 3339 3600 τοῦ
3366 3546 3722 3617 Συρακούσης
3754 3547 3992 3617 ἐτιμήθη
4040 3620 4043 3625 γ

2384 3632 2388 3637 ’
2414 3641 2568 3710 παρὰ
2594 3640 2701 3693 τῶν
2734 3640 3003 3711 βασιλέων
3031 3640 3117 3693 διὰ
3148 3640 3238 3692 τὸν
3270 3640 3425 3707 ἆγιον
3457 3641 3710 3692 Λεόντιον
3736 3640 3830 3691 τὸν
3858 3642 3996 3693 tad-

2412 3750 2513 3801 της
2579 3734 2901 3797 ἐπίσκοπον,
2958 3736 3037 3797 εἰς
3086 3735 3550 3803 ἀρχιεπισκοπήν.
3595 3734 3689 3785 Διὸ
3741 3736 3837 3786 καὶ
3872 3734 3993 3785 οὐδὲ

2412 3826 2526 3894 ἔχει
2556 3826 2861 3888 ὲπισκοπὰς
2897 3826 2986 3893 ὑφ’
3014 3828 3235 3896 ἑαυτήν.
3273 3828 3419 3896 Πλὴν
3452 3829 3507 3878 ἐν
3537 3830 3651 3889 τοῖς
3694 3828 3993 3892 Τακτικοῐς

2410 3916 2729 3986 ἀριθμεῖται
2767 3918 2853 3970 καὶ
2890 3918 3027 3985 αὑτὴ
3073 3919 3131 3969 ὲν
3161 3921 3273 3981 τοῖς
3302 3916 3514 3984 θρόνοις
3544 3919 3994 3971 Κωνσταντινου-

2411 4009 2640 4071 πόλεως.
2676 4009 3093 4078 Προσετέθησαν
3119 4009 3248 4075 γοῦν
3276 4008 3373 4060 καὶ
3404 4008 3432 4058 6
3461 4012 3559 4078 τῆς
3584 4009 3837 4071 Σικελίας
3866 4010 3995 4079 09/.-

2408 4118 2520 4165 νος,
2549 4101 2642 4152 καὶ
2679 4103 2706 4152 6
2732 4100 2829 4168 τῆς
2863 4101 3203 4169 Καλαῦρίας,
3238 4102 3333 4153 καὶ
3364 4103 3391 4153 6
3444 4103 3543 4168 τῆς
3588 4102 3775 4168 Ἀγίας
3824 4104 3992 4154 Σεδε-

2411 4192 2566 4263 ρίνης
2602 4192 2677 4261 τῷ
2709 4193 3355 4254 Κωνσταντινουπόλεως,
3400 4194 3858 4255 ἀποσπασθέντες
3896 4196 3993 4261 τῆς

2420 4278 2663 4349 Ῥώμης,
2690 4281 2779 4331 ὅτε
2801 4279 3070 4350 βάρϐαρος
3096 4281 3365 4349 κατέσχον
3396 4281 3488 4333 τὸν
3521 4282 3738 4344 Πάπαν,
3765 4284 3861 4334 καὶ
3894 4284 3994 4353 τὴν

2421 4372 2645 4442 Ῥώμην
2671 4372 3102 4441 ᾐχμαλώτευσαν
3123 4376 3214 4425 καὶ
3235 4375 3659 4442 ἰδιοποιήσαντο,
3684 4375 3878 4445 ὧσπερ
3899 4378 3993 4429 καὶ

2412 4465 2445 4533 ὴ
2472 4465 2685 4533 Κρήτη,
2720 4465 2821 4515 ὑπὸ
2848 4464 2945 4534 τὴν
2984 4465 3203 4533 Ῥώμην
3241 4464 3400 4529 οὖσα,
3436 4467 3540 4518 ὑπὸ
3568 4468 3657 4519 τὸν
3695 4469 3992 4520 Κωνστανο

725 4548 778 4599 in
800 4545 1171 4615 Longobardia
1203 4555 1257 4600 et
1284 4546 1469 4613 Apulia
1505 4553 1560 4601 et
1619 4545 1672 4599 in
1704 4546 1959 4599 omnibus
2015 4547 2081 4600 iis
2123 4546 2300 4615 regio-

2412 4557 2773 4617 τινουπόλεως
2833 4562 3043 4623 γέγονε.
3094 4558 3241 4628 Πλὴν
3310 4560 3413 4629 πρὸ
3467 4561 3677 4611 τούτων
3709 4564 3736 4613 6
3793 4564 3990 4624 Παπας

726 4637 886 4691 nibus
951 4637 1252 4690 maritimas
1283 4638 1601 4705 metropoles
1623 4639 1780 4691 antea
1821 4639 2130 4706 possidebat
2160 4638 2309 4691 Con-

727 4726 1277 4793 stantinOpolitanus;
1322 4726 1555 4796 reliquas
1614 4727 1913 4791 Romanus,
1950 4738 2009 4781 ut
2060 4729 2306 4796 regiones

729 4821 831 4873 illa:
887 4833 982 4887 per
1041 4829 1222 4887 partes
1276 4822 1701 4889 possiderentur.
1752 4819 1999 4889 Namque
2066 4822 2307 4875 melodus

728 4926 791 4964 ac
831 4920 986 4977 poeta
1058 4909 1309 4963 dominus
1336 4910 1563 4975 Marcus,
1592 4910 1910 4965 Ilidruntum
1937 4927 1965 4963 a
1993 4910 2308 4965 Constanti-

731 5003 1040 5071 nopolitano
1066 5001 1262 5055 missus
1278 5000 1445 5054 fuisse
1462 5003 1811 5070 comperitur.
1835 4999 1967 5056 Cum
1988 5012 2163 5055 autem
2189 4996 2308 5054 uni-

730 5108 902 5147 versae
935 5079 1318 5162 Longobardia:
1360 5096 1605 5157 ducatus,
1639 5110 1757 5164 qua:
1787 5106 1938 5148 vetus
1970 5094 2149 5150 llellas
2170 5108 2305 5160 erat,

731 5184 1176 5252 subimperatore
1195 5196 1310 5238 erat
1362 5186 1980 5251 ConStantinOpolitano,
2012 5201 2148 5256 papa
2177 5203 2305 5240 vero

730 5282 1013 5342 separatus
1065 5274 1168 5327 sub
1235 5275 1352 5329 aliis
1420 5277 1672 5345 gentibus
1734 5279 1961 5343 vivebat,
2023 5286 2302 5344 propterea

730 5366 1035 5433 patriarcha
1090 5365 1361 5421 Ecclesias
1423 5368 1704 5421 obtineth
1760 5386 1930 5422 :natn
1971 5369 2303 5422 Bruniluiutn

728 5468 786 5510 et
828 5458 869 5510 T
874 5470 1122 5511 arentum
1153 5474 1183 5512 a
1230 5458 1823 5528 Constantinopolitano
1880 5463 2191 5517 sacerdotes
2215 5476 2305 5517 ac-

726 5548 1040 5615 cipiebant:
1077 5549 1239 5620 idque
1292 5551 1498 5605 nullum
1561 5552 1706 5607 latet.
1775 5552 1906 5607 Cum
1954 5569 2081 5609 vero
2110 5552 2303 5608 Franci

729 5641 874 5696 hunc
895 5642 1149 5695 ducatum
1180 5655 1537 5713 occuparunt,
1577 5656 1703 5699 tunc
1743 5645 2019 5700 Romanus
2076 5646 2129 5701 in
2184 5661 2304 5701 om-

638 5809 642 5815 γ
727 5732 891 5785 nibus
933 5732 1085 5786 hisce
1149 5734 1392 5789 ecclesiis
1447 5736 1816 5791 ordinationes
1877 5738 2063 5801 tenuit,
2134 5738 2188 5790 in
2241 5738 2306 5792 iis

728 5821 873 5876 cuitu
906 5823 1217 5893 reglonibus
1249 5841 1383 5895 quas
1411 5826 2037 5899 Constantinopolitanus
2069 5829 2303 5901 impera-

2413 4648 2727 4719 εὑρίσκεται
2753 4650 2997 4718 κατέχων
3031 4650 3170 4717 μέρη
3194 4651 3315 4703 τινα
3343 4652 3534 4721 εὐτελῆ
3559 4654 3653 4705 καὶ
3678 4654 3989 4717 ἐπισκοπὰς

2411 4742 2473 4791 ὲκ
2506 4741 2705 4809 μέρους
2736 4741 2884 4801 τινὰς
2908 4744 2967 4801 έν
2998 4741 3233 4811 Σικελίᾳ,
3273 4744 3365 4795 καὶ
3388 4744 3711 4813 Καλαὸρίᾳο
3742 4748 3845 4809 τὰς
3878 4751 3990 4817 γὰρ

2414 4827 2781 4895 μητροπόλεις
2820 4828 2913 4879 καὶ
2944 4829 3043 4889 τὰς
3065 4830 3121 4880 ἐν
3148 4830 3344 4891 αὑταῖς
3378 4830 3435 4895 ἐξ
3474 4831 3775 4902 ὁλοκλήρου
3806 4840 3991 4887 κατεί-

2409 4936 2503 4989 χεν
2542 4922 2568 4970 6
2610 4920 3236 4984 Κωνσταντινουπόλεως
3281 4926 3443 4991 μέχρι
3500 4925 3598 4992 τῆς
3655 4926 3765 4977 τῶν
3811 4930 3993 4997 (1·ράξό

2411 5028 2523 5062 κων
2570 5010 2857 5073 ἐλεύσεως.
2922 5011 3079 5064 ama
3138 5016 3232 5064 καὶ
3270 5016 3329 5065 έν
3375 5017 3439 5084 τῇ
3473 5016 3870 5088 Λογγιϐαρδίξι,
3927 5023 3990 5089 τῇ

2422 5101 2700 5171 Ἀπουλίᾳ,
2726 5106 2818 5154 καὶ
2845 5103 3043 5165 πάσαις
3068 5108 3186 5167 ταῖς
3228 5107 3347 5157 ἐκεῖ
3376 5106 3603 5176 χώραις,
3624 5110 3724 5169 τὰς
3760 5112 3861 5179 μὲν
3892 5129 3995 5165 πα-

2412 5192 2601 5262 ραλίας
2666 5195 3028 5265 μητροπόλεις
3085 5198 3403 5266 εὑρίσκεται
3440 5201 3635 5271 πρώην
3668 5206 3919 5274 κατέχων
3963 5205 3991 5256 6

2422 5286 3080 5353 Κωνσταντινουπόλεως,
3111 5290 3209 5351 τὰς
3236 5290 3292 5342 δὲ
3318 5293 3511 5356 λοιπὰς
3533 5297 3560 5345 6
3634 5283 3877 5367 Ῥώμης,
3916 5299 3992 5362 ὡς

2410 5379 2506 5430 καὶ
2560 5378 2765 5444 ταύτας
2819 5382 2917 5445 τὰς
2945 5382 3127 5452 χώρας
3160 5386 3207 5437 οἱ
3253 5385 3351 5439 δύο
3384 5388 3487 5439 ἀνὰ
3520 5388 3686 5458 μέρος
3740 5396 3988 5460 κρατεῖν.

2407 5469 2617 5522 Αὐτίκα
2654 5470 2764 5541 γὰρ
2821 5475 2848 5525 6
2928 5474 3164 5543 μελῳδὸς
3194 5478 3287 5529 καὶ
3338 5481 3569 5549 ποιητὴς
3611 5484 3803 5550 κύρ;ος
3834 5485 3991 5554 Μαρ-

2410 5577 2504 5623 κος
2535 5562 2852 5632 εὑρίσκεται
2912 5565 2971 5616 ἐν
3016 5566 3264 5637 Ἱδροντῷ
3296 5570 3529 5630 ,σταλεὶς
3580 5572 3990 5643 μητροπολίτης

2409 5654 2560 5723 παρὰ
2588 5655 2680 5706 τοῦ
2721 5657 3373 5720 Κωνσταντινουπόλεως.
3415 5661 3564 5712 Ἐπεὶ
3616 5680 3725 5730 γλρ
3764 5665 3825 5714 τὸ
3861 5664 3990 5716 δου-

2410 5747 2575 5797 κᾶτον
2612 5748 2794 5818 πάσης
2850 5750 3252 5822 Λογγιόαρδῐας
3310 5754 3408 5823 τῆς
3458 5755 3693 5816 tralati;
3736 5754 3987 5819 Ἑλλάδος

2409 5834 2572 5906 οὔσης
2600 5837 2666 5907 ην
2694 5838 2796 5892 ύπῦ
2822 5840 2914 5892 τὸν
2939 5840 3167 5911 ιθασιλέα
3201 5842 3857 5910 Κωνσταντινουπρλεως,
3880 5847 3908 5896 6
3929 5846 3985 5897 δὲ
