4194 6444
705 419 850 487 1131

1916 412 2238 476 IOANNIS
2282 414 2753 478 ANTIOCHENI

3838 423 3979 490 1132

714 536 877 587 dente
939 542 1067 585 vero
1116 532 1384 598 tempore,
1428 522 1722 580 admiscuit
1759 520 2014 577 inimicus
2072 523 2292 589 negotio

2395 523 2595 576 οίκείον
2627 523 2708 575 ίόν
2731 540 2744 553 °
2772 526 2914 595 φημὶ
2936 524 3000 594 δὴ
3031 525 3130 596 τὴν
3156 529 3606 603 αἰσχροκέρδειαν
3628 535 3726 591 καὶ
3781 538 3914 592 πλεο
3928 544 3989 593 ,μ’

709 636 864 677 suum
903 634 1211 675 venenum:
1270 626 1425 687 turpe
1475 616 1681 669 luerunt
1718 614 1838 668 dico
1870 624 1923 669 et
1961 613 2282 667 avaritiam:

709 722 869 783 atque
915 710 1256 767 occasionem
1288 722 1408 778 quae
1454 706 1742 761 videbatur
1774 706 2003 760 honesta
2052 704 2285 774 amplexi

708 803 1044 874 posteriores
1072 803 1437 868 imperatores
1478 812 1543 853 ac
1596 798 1947 867 patriarchm,
2006 811 2283 850 memora-

712 906 820 946 tam
868 889 1327 962 prmdeccssornm
1372 901 1595 943 suorum
1639 887 2090 956 dispensatricem
2128 886 2282 941 vide-

710 986 837 1039 licct
882 982 1250 1041 traditionem,
1278 988 1568 1049 coeperunt
1599 976 1823 1049 perfecti
1856 978 2099 1031 muneris
2128 978 2287 1031 modo

636 1086 639 1087 '
710 1078 873 1131 etiam
906 1073 1234 1128 monasteria
1258 1082 1313 1126 et
1365 1070 1737 1126 mendicorum
1793 1068 2145 1122 domiciliaiu
2199 1068 2283 1121 in-

658 1168 960 1239 ‘tegritate
1025 1164 1387 1221 consistentia
1465 1164 1689 1216 donare.
1756 1160 1956 1215 Postea
2023 1176 2284 1228 processu

714 1260 993 1330 temporis,
1024 1260 1187 1312 etiam
1243 1256 1466 1321 majora,
1511 1254 1830 1321 reditusque
1892 1254 2191 1322 amplioris.
2219 1256 2286 1306 At

712 1360 936 1403 sanctus
986 1347 1277 1409 Sisinttius,
1334 1345 1425 1414 qui
1481 1360 1588 1398 non
1660 1356 1788 1398 ante
1842 1345 2040 1397 multos
2125 1344 2287 1398 hosce

713 1456 886 1495 annos
916 1440 1225 1509 patriarcha
1284 1436 1782 1505 ConstantinOpolis
1818 1436 1938 1498 fuit,
1978 1451 2102 1490 cum
2134 1436 2283 1504 ejus-

711 1534 852 1586 modi
890 1532 1231 1599 iniquitatem
1277 1529 1465 1582 videre
1498 1543 1605 1581 non
1655 1528 1977 1591 sustineret,
2027 1543 2286 1581 exsurre-

709 1629 808 1693 xit,
862 1635 922 1681 ut
976 1626 1149 1680 fertur
1182 1640 1209 1677 a
1243 1623 1537 1685 nonnullis,
1605 1634 1836 1686 eamque
1913 1620 2282 1688 proscripsit,

709 1720 958 1787 quamvis
996 1720 1231 1772 nondum
1258 1717 1322 1768 ad
1354 1724 1562 1766 tantum
1599 1711 1827 1764 malitia:
1844 1724 2124 1764 excessum
2164 1726 2286 1779 per-

708 1812 964 1865 venisset.
1021 1808 1121 1874 Qui
1151 1817 1329 1859 autem
1362 1806 1510 1858 illum
1549 1803 1828 1857 subsecuti
1855 1811 2005 1865 sunt,
2042 1804 2092 1856 id
2118 1803 2283 1871 (quod

2390 614 2560 680 εξίανο
2588 616 2683 669 καὶ
2703 617 2957 687 ἀφορμῆς
2980 619 3341 690 εὐπροσώπου
3371 625 3446 695 τῷ
3470 625 3669 692 δοκεῖν,
3695 629 3975 702 δραξάμε-
4052 688 4053 691 η

2390 727 2469 763 νοι
2496 709 2545 763 oi
2564 711 3023 783 μεταγενέστεροι
3049 712 3157 766 τῶν
3179 713 3446 783 βασιλέων
3466 721 3559 771 καὶ
3588 737 3660 773 πα
3672 726 3973 794 τριαρχῶν,

2388 802 2490 873 τὴν
2534 803 2837 874 εἰρημένην
2883 804 2997 859 τῶν
3046 808 3152 875 πρὸ
3201 808 3384 861 αὐτῶν
3412 813 3770 885 οἰκονομικὴν
3808 818 3973 887 δῆθεν

2388 890 2623 953 ἔκδοσιν,
2657 890 2897 960 ἤρξαντο
2938 893 3156 956 τελείας
3198 894 3410 967 δωρεᾶς
3459 901 3647 971 τρόπῳ
3679 902 3974 973 δωρεῖσθαι

2390 980 2486 1060 καὶ
2503 981 2569 1034 τὰ
2602 982 2977 1051 συνιστάμενα
3001 984 3111 1037 τῶν
3136 988 3520 1057 μοναστηρίων
3545 991 3641 1043 καὶ
3658 992 3973 1061 πτωχείων.

2388 1069 2526 1126 Εἶτα
2565 1073 2846 1144 προϊόντος
2896 1074 2991 1126 τοῦ
3049 1080 3269 1146 χρόνου,
3324 1080 3419 1132 καὶ
3476 1081 3545 1133 τὰ
3594 1084 3823 1151 μείζονα
3876 1090 3973 1136 καὶ

2389 1163 2863 1237 εὐπροσοδώτερα.
2929 1166 2988 1218 Ὀ
3020 1166 3077 1220 δὲ
3124 1170 3182 1221 ὲν
3234 1171 3412 1237 ἁγίοις
3462 1172 3727 1237 Σισίννιος
3762 1175 3865 1246 (9),
3912 1178 3970 1229 οὐ

2389 1257 2496 1326 πρὸ
2544 1258 2759 1311 πολλῶν
2815 1258 3023 1313 τούτων
3073 1261 3289 1330 χρόνων
3344 1264 3694 1334 πατριάρχης
3728 1271 3974 1335 γεγονεῖς

2389 1350 3039 1417 Κωνσταντινουπόλεως,
3063 1354 3136 1423 μὴ
3157 1353 3340 1424 φέρων
3360 1357 3495 1425 ὁρᾷν
3521 1357 3617 1427 τὴν
3634 1357 3973 1428 τηλικαύτην

2390 1442 2763 1511 παρανομίαν,
2793 1445 3072 1512 διανέστη,
3102 1443 3177 1508 ῶς
3199 1461 3346 1508 τινες
3381 1445 3628 1514 λέγουσι,
3667 1449 3761 1499 καὶ
3802 1434 3973 1516 αὐτὴν

2387 1533 2748 1605 ἀπεκήρυξε,
2793 1537 2974 1590 καίτοι
3024 1536 3181 1591 οὔπω
3232 1540 3315 1601 είς
3366 1540 3639 1609 τοσαύτην
3693 1544 3972 1611 ἀκρότητα

2390 1624 2591 1685 κακίας
2648 1624 2946 1679 ὲλάσασαν.
2988 1627 3056 1682 Ol
3106 1629 3162 1680 δὲ
3217 1628 3335 1697 μετ’
3377 1629 3544 1680 αὑτὸν
3576 1630 3709 1700 (10),
3746 1632 3968 1695 τούτου,

2389 1719 2464 1781 ὡς
2498 1719 2575 1787 μὴ
2605 1716 2842 1785 ὤφελον,
2879 1719 3215 1787 ἡλογηκότες
3236 1760 3250 1783 ,
3281 1722 3343 1773 τὸ
3375 1722 3641 1790 πονηρὸν,
3676 1723 3773 1773 καὶ
3810 1718 3969 1784 αὖθις

2390 1810 2780 1863 ἀνενεώσαντο.
2828 1812 3004 1881 Ὅπερ
3036 1811 3133 1863 καὶ
3185 1815 3307 1865 κατ’
3348 1814 3534 1879 ὀλίγον
3574 1813 3830 1883 αὐξηθὲνν,
3891 1818 3970 1878 είς

708 1903 826 1956 fieri
865 1917 972 1954 non
1006 1899 1213 1968 debuit)
1260 1897 1559 1966 aspernati,
1604 1894 1802 1947 malum
1834 1908 2019 1946 rursus
2053 1907 2285 1945 renova-

2393 1904 2486 1970 τὴν
2520 1903 2614 1954 νῦν
2648 1903 2938 1973 ὁρωμένην
2960 1904 3227 1972 κατέληξε
3264 1907 3575 1975 συμφοράν.
3609 1907 3811 1960 Οὐκέτι
3864 1911 3972 1977 γὰρ

708 2004 856 2051 runt.
914 1992 1069 2060 Quod
1114 1991 1371 2061 paulatim
1403 1996 1645 2051 auctum,
1704 1986 1756 2037 in
1793 1988 1931 2038 hanc
1979 1998 2099 2053 quze
2145 2000 2286 2039 nunc

707 2085 952 2141 cernitur
1000 2084 1159 2137 desiit
1208 2078 1597 2135 calamitatem.
1657 2074 1777 2130 Jam
1812 2076 1957 2128 enim
2016 2090 2121 2129 non
2180 2075 2283 2128 hoc

709 2185 802 2230 aut
851 2176 981 2229 illud
1024 2172 1434 2235 monasterium,
1498 2169 1595 2224 sed
1647 2169 1831 2223 omnia
1875 2168 2035 2222 simul
2090 2170 2287 2222 donata

708 2276 871 2329 sunt;
898 2279 1085 2336 parva,
1114 2277 1327 2332 magna,
1359 2267 1680 2331 paupertate
1722 2259 2051 2319 laborantia,
2083 2259 2279 2327 opibus

707 2359 964 2425 referta;
1034 2359 1295 2421 virorum,
1350 2354 1678 2408 mulierum:
1750 2350 1995 2420 exceptis
2060 2364 2285 2403 numero

710 2450 996 2520 perpaucis
1039 2458 1093 2502 et
1128 2462 1318 2501 recens
1348 2447 1572 2498 structis
1606 2444 1892 2499 ccenobiis.
1934 2441 2133 2495 Verum
2168 2442 2284 2494 lucc

707 2558 927 2614 quoque
949 2540 1100 2597 brevi
1126 2539 1268 2593 idem
1303 2537 1604 2606 patientur,
1640 2535 1923 2588 obtinente
1967 2548 2130 2599 prava
2156 2547 2288 2585 con-

713 2636 1040 2699 suetudine;
1083 2629 1542 2701 quemadmodum
1583 2642 1738 2694 passa
1782 2634 1912 2679 sunt
1943 2639 2062 2692 quas
2101 2633 2288 2677 revera

711 2726 959 2782 coenohia
1011 2733 1138 2779 sunt
1199 2736 1372 2790 caque
1414 2730 1597 2774 vetera
1655 2726 1709 2773 ct
1777 2716 2034 2770 maxima.
2084 2713 2288 2771 Donata

715 2832 895 2876 autem
944 2828 1067 2874 sunt
1101 2814 1453 2873 smcularibus
1502 2814 1653 2877 viris,
1689 2826 1751 2865 ac
1807 2810 2160 2864 matrimonio
2189 2824 2286 2863 co-

713 2916 948 2984 pulatis;
1009 2914 1278 2967 interdum
1341 2924 1466 2964 vero
1520 2906 1685 2961 etiam
1747 2903 2287 2974 gentilibus;atque

715 3024 904 3074 unum,
940 3008 1081 3061 heu'.
1140 3006 1350 3060 duabus
1391 2998 1659 3069 personis.
1693 2996 1825 3063 Qua:
1882 3009 2056 3058 mens,
2113 2993 2292 3062 qualis

714 3100 896 3169 lingua
946 3098 1148 3168 poterit
1204 3096 1413 3165 tragico
1475 3100 1533 3145 ut
1582 3091 1735 3143 decet
1801 3101 1951 3140 more
2001 3084 2287 3151 complecti

2385 1995 2507 2046 τόδε
2558 1994 2620 2047 τὸ
2673 1997 3069 2065 μοναστήριον,
3111 1997 3142 2066 ἢ
3194 1997 3338 2061 τόδε,
3397 1998 3535 2051 ἀλλὰ
3585 2000 3764 2053 πάντα
3826 1999 3965 2069 ὁμοῦ

2384 2086 2744 2157 δεδώρηνται,
2785 2091 2980 2157 μικρὰ,
3028 2090 3266 2159 μεγάλα,
3310 2090 3543 2161 πτωχὰ,
3584 2091 3843 2155 πλούσια,
3880 2095 3973 2146 ἀν-

2387 2178 2560 2249 δρῷα,
2606 2181 2923 2247 γυναικετα-
2958 2180 3099 2250 πλὴν
3127 2182 3428 2248 ὀλιγοστῶν
3481 2181 3576 2235 καὶ
3620 2182 3735 2234 τῶν
3787 2201 3973 2237 νεοσυ-

2390 2273 2604 2325 στάτων
2658 2273 3047 2343 εὐαριθμήτων
3098 2274 3405 2341 κοινοσίων.
3477 2275 3641 2329 Ἀλλὰ
3682 2278 3780 2329 καὶ
3832 2280 3971 2331 αὐτὰ

2384 2363 2509 2415 ὅσον
2533 2363 2689 2416 οὗπω
2720 2366 2876 2417 τοῦτο
2908 2365 3209 2427 πείσονται,
3234 2366 3331 2421 τοῦ
3374 2369 3613 2438 πονηροῦ
3644 2368 3803 2432 ἔθους
3836 2388 3971 2441 κρει-

2384 2449 2606 2513 τοῦντος
2635 2466 2651 2481 ο
2689 2451 2942 2519 καθάπερ
2975 2456 3067 2503 καὶ
3090 2452 3160 2505 τά
3181 2453 3353 2518 ὅντως
3379 2456 3626 2507 κοινόὸια
3650 2456 3719 2508 τὰ
3760 2457 3970 2527 ἀρχαῖα

2374 2543 2481 2595 καί
2508 2543 2747 2611 μέγιστα
2774 2543 3101 2597 πεπόνθασι.
3121 2544 3464 2614 Δεδώρηνται
3489 2547 3544 2598 δὲ
3571 2551 3858 2615 κοσμικαῖς
3881 2550 3974 2601 καὶ

2388 2630 2740 2700 ἀνδρογύνοις
2773 2631 2909 2701 (ll),
2950 2630 3123 2683 ἐνίοτε
3168 2631 3225 2683 δὲ
3273 2634 3370 2684 καὶ
3418 2633 3701 2698 ὲθνικοῖς,’
3738 2638 3835 2686 καὶ
3881 2637 3974 2686 ἐπὶ

2387 2722 2533 2785 δυσὶ,
2568 2722 2693 2791 φεῦ,
2730 2723 3070 2792 προσώποις.
3108 2724 3205 2786 Τίς
3260 2724 3409 2786 νοῦς,
3452 2729 3581 2778 ποῖα
3631 2725 3687 2778 δὲ
3726 2725 3972 2794 γλῶσσα,

2387 2810 2553 2875 ἀξίως
2587 2811 3007 2880 ὲκτραγῳδῆσαι
3041 2811 3335 2880 ίσχύσειτὸ
3364 2812 3569 2880 πλῆθος
3596 2813 3703 2865 τῶν
3734 2813 3973 2866 ὲνουσῶν

2389 2906 2458 2973 τῇ
2487 2903 2656 2972 κακίᾳ¹
2685 2902 2863 2973 ταύτῃ
2893 2903 3161 2970 ἁνομιῶν;
3191 2904 3341 2973 ὅμως
3370 2902 3515 2955 κατὰ
3562 2904 3622 2955 τὸ
3643 2903 3874 2956 δυνατὸν
3911 2904 3974 2954 ὲκ

2397 2993 2611 3046 πολλῶν
2658 2992 2814 3060 ὀλίγα
2866 2995 2893 3045 ὁ
2940 2993 3100 3061 λόγος
3156 2995 3387 3063 προῖὼν,
3452 2991 3736 3056 ἀποδεῖξαι
3779 2992 3977 3062 πειράο

2392 3102 2567 3138 σεται.

714 3193 1204 3261 iniquitatumqnm
1224 3190 1349 3242 huic
1372 3184 1627 3255 nequitia:
1686 3184 1870 3235 insunt
1895 3176 2333 3231 multitudinem?
2365 3177 2617 3232 Attamen
2651 3192 2749 3245 pro
2778 3175 2919 3229 virili
2943 3192 2974 3230 e
3000 3176 3180 3231 multis
3239 3190 3407 3246 pauca
3455 3178 3749 3246 procedens
3784 3189 3967 3230 sermo

716 3285 960 3339 indicare
989 3283 1297 3338 conabitur.

785 3379 856 3434 Χ.
894 3378 1087 3432 Statim
1152 3389 1282 3444 ergo
1341 3369 1658 3440 prommium
1716 3364 1999 3420 animabus
2051 3363 2364 3424 exitioszec

717 3470 1048 3535 donationis,
1118 3468 1330 3537 plenum
1385 3474 1473 3517 cst
1534 3458 1909 3530 blasphemiae.
1990 3456 2286 3524 Imperium

717 3580 921 3628 meum,
970 3559 1317 3617 mediocritas
1376 3565 1582 3619 nostra,
1630 3556 1797 3605 donat
1857 3550 1950 3603 tibi
2011 3549 2122 3611 tali,
2185 3548 2291 3600 tale

717 3655 1148 3717 monasterium;
1184 3650 1393 3714 forsan,
1432 3646 1642 3701 Domini
1668 3653 1721 3697 et
1765 3643 1860 3698 Dei
1887 3654 1940 3697 et
1975 3640 2291 3696 Servatoris

720 3749 892 3807 nostri
946 3746 1073 3802 Jesu
1109 3742 1338 3805 Christi,
1390 3747 1484 3793 aut
1514 3736 1880 3801 sanctissima:
1928 3734 2168 3788 Domina:
2193 3746 2291 3783 uo-

719 3852 846 3899 stra:
880 3840 972 3893 Dei
1027 3834 1340 3896 Gcnitricis,
1375 3841 1465 3885 aut
1510 3829 1742 3897 alicujus
1788 3842 1818 3881 e
1859 3825 2109 3889 sanctis;
2170 3837 2291 3875 cum

718 3934 974 3988 omnibus
1005 3928 1220 3999 jurihus
1246 3934 1297 3979 ct
1329 3920 1629 3993 privilegiis
1661 3920 1794 3981 suis,
1830 3913 2294 3985 possessionibus-

720 4040 831 4094 que
869 4023 971 4092 ipsi
1002 3993 1287 4089 subjectis,
1327 4014 1710 4077 immobilibus,
1770 4027 1835 4065 ac
1889 3993 2117 4075 reliquis
2149 4006 2294 4059 redi-

725 4119 891 4182 tibus,
924 4116 993 4168 ad
1030 4113 1319 4167 terminum
1355 4108 1481 4161 vita:
1516 4117 1657 4169 tum;
1710 4103 1794 4155 vel
1842 4103 1894 4154 in
1930 4099 2140 4153 duabus
2168 4111 2294 4166 per-

718 4210 892 4266 sonis.
919 4206 1064 4261 Bona
1096 4204 1283 4265 verba,
1322 4215 1354 4253 ο
1382 4201 1572 4252 homo:
1594 4196 1772 4263 cogita
1805 4195 1934 4263 quid
1965 4193 2136 4255 dicas,
2164 4188 2294 4258 quid

723 4313 937 4370 scribas
988 4317 1044 4365 et
1101 4308 1330 4362 horrore
1361 4310 1656 4357 concutere
1713 4298 1856 4366 quod
1891 4295 1982 4365 qui
2027 4308 2085 4349 es
2132 4292 2296 4347 homo

722 4401 1117 4473 corruptibilis,
1166 4394 1435 4456 mortalis.
1491 4393 1671 4447 brevis
1730 4391 1872 4454 vitat,
1905 4388 2073 4441 audes
2108 4400 2299 4439 mona-

725 4495 949 4552 sterium
970 4489 1298 4561 appellatum
1327 4486 1513 4540 divino
1541 4482 1880 4547 terribilique
1913 4478 2154 4541 nomine,
2204 4486 2298 4531 aut

722 4589 943 4646 nomine
988 4592 1353 4653 supersancta:
1413 4577 1677 4648 Deiparm,
1715 4573 1796 4628 vel
1830 4582 2145 4628 sanctorum
2201 4584 2293 4624 cu-

722 4681 960 4744 lusdam,
1009 4674 1192 4746 largiri
1243 4672 1467 4728 homini.
1549 4669 1738 4724 Omnis
1788 4668 1877 4734 qui
1921 4665 2101 4726 donat,
2154 4661 2297 4729 quod

2473 3368 2523 3413 ι’.
2567 3360 2774 3413 Λύτίκα
2801 3359 2931 3426 γοῦν
2962 3358 3022 3411 τὸ
3045 3359 3334 3428 προοίμιον
3356 3360 3454 3427 τῆς
3480 3359 3830 3431 ψυχοφθόρου
3871 3363 3975 3415 δω-

2403 3457 2554 3525 ρεᾶς,
2592 3454 2944 3522 βλασφημίας
2987 3453 3226 3521 ὑπάρχει
3266 3452 3577 3507 ἀνάπλεων.
3624 3453 3689 3505 Ἦ
3724 3454 3979 3521 βασιλεία

2402 3566 2525 3615 μου,
2562 3549 2593 3616 ἡ
2626 3547 2923 3616 μετριότης
2945 3546 3125 3614 ἡμῶν,
3157 3545 3413 3614 δωρεῖταί
3446 3562 3531 3596 σοι
3562 3544 3641 3613 τῷ
3679 3546 3837 3610 δεῖνι,
3879 3548 3979 3617 τὴν

2398 3640 2544 3693 δεῖνα
2583 3639 2753 3708 μονήν
2786 3654 2799 3668 ο
2834 3636 3019 3705 τυχὸν,
3053 3634 3147 3687 τοῦ
3175 3636 3382 3703 Κυρίου
3426 3634 3523 3686 καὶ
3558 3635 3695 3687 Θεοῦ
3728 3636 3826 3687 καὶ
3867 3638 3980 3690 Σω-

2402 3733 2567 3802 τῆρος
2618 3731 2774 3801 ἡμῶν
2804 3729 2983 3798 Ίησοῦ
3020 3728 3340 3799 Χριστοῦ,η
3383 3728 3485 3796 τῆς
3533 3727 3844 3798 ὑπεραγίας
3880 3731 3982 3781 Δε-

2405 3826 2634 3894 σποίνης
2665 3825 2823 3893 ἡμῶν
2866 3822 3156 3886 θεοτόκου,
3190 3823 3223 3891 ἧ
3273 3838 3417 3883 τινος
3449 3821 3556 3873 τῶν
3592 3822 3766 3889 ἁγίων
3790 3836 3804 3851 ·
3845 3823 3985 3893 μετὰ

2402 3920 2622 3970 πάντων
2658 3917 2768 3969 τῶν
2807 3916 3033 3968 δικαίων
3064 3915 3158 3967 καὶ
3183 3914 3497 3984 προνομίων
3523 3914 3719 3983 αὐτῆς,
3750 3914 3981 3968 καὶτῶν

2404 4011 2495 4062 ὑπ’
2523 4008 2697 4075 αὐτὴν
2729 4009 3052 4077 κτημάτων,
3076 4006 3354 4074 ἀκινήτων
3384 4023 3442 4057 τε
3470 4009 3565 4058 καὶ
3588 4006 3793 4058 λοιπῶν
3812 4025 3983 4077 προσ-

2402 4102 2537 4155 όδων
2582 4100 2680 4170 [aL
2719 4096 3046 4169 προσοδίων]
3080 4097 3270 4167 αὐτῆς,
3301 4097 3395 4149 ἐπὶ
3442 4098 3555 4168 ὅρῳ
3581 4096 3730 4167 ζωῆς
3762 4115 3858 4152 σου
3892 4116 3906 4131 ·
3945 4099 3987 4169 η’

2403 4194 2495 4245 ἐπὶ
2526 4191 2650 4244 δυσὶ
2675 4188 3010 4261 προσώποις.
3066 4189 3318 4259 Εὐφήμει
3341 4229 3356 4252 ,
3390 4188 3647 4257 ἄνθρωπε
3684 4204 3699 4219 ·
3732 4190 3892 4251 σύνες
3926 4189 3981 4241 τί

2402 4282 2605 4349 λέγεις,
2646 4278 2698 4332 τί
2747 4279 3017 4348 γράφεις·
3052 4279 3147 4334 καὶ
3197 4278 3421 4348 φρίξον·
3454 4279 3537 4331 ὅτι
3563 4278 3854 4349 ἄνθρωπος
3906 4278 3981 4331 ῶν

2405 4375 2646 4445 φθαρτὸς
2682 4374 2776 4427 καί
2807 4372 3005 4443 θνητος
3036 4370 3134 4424 καὶ
3171 4373 3473 4441 ἐφήμερος,
3521 4370 3731 4440 τολμᾷς
3778 4371 3879 4442 τὴν
3922 4372 3981 4423 τὸ

2406 4468 2551 4520 θεῖον
2583 4464 2679 4518 καὶ
2714 4463 2950 4533 φοϐερὸν
2996 4462 3168 4533 ὄνομα
3215 4461 3663 4530 ἑπικεκλημένην
3712 4462 3905 4530 μονὴν,
3946 4460 3978 4530 ἢ

2404 4558 2506 4629 τῆς
2537 4558 2845 4629 ύπεραγίας
2873 4554 3161 4616 Θεοτόκου,
3188 4555 3382 4623 ἦτινος
3409 4552 3519 4605 τῶν
3549 4552 3740 4618 ἁγίων,
3771 4551 3991 4622 ἀνθρὼο,

2408 4666 2493 4720 πῳ
2524 4648 2880 4718 χαρίσασθαι.
2903 4645 3019 4707 Πᾶς
3050 4645 3077 4696 ὁ
3106 4644 3472 4713 δωρούμενος,
3508 4641 3536 4693 δ
3561 4643 3677 4710 ἔχει
3696 4641 3967 4710 δωρεῖται,

721 4775 886 4830 habet
935 4732 1125 4835 donat:
1184 4782 1291 4822 non
1325 4766 1467 4836 quod
1541 4777 1648 4817 non
1712 4732 1893 4815 habet.
1945 4756 2024 4809 'l‘u
2070 4769 2202 4809 vero
2252 4751 2293 4807 si

2404 4743 2503 4811 οὐχ
2537 4742 2565 4792 ὃ
2600 4740 2701 4791 οὐκ
2728 4738 2863 4808 ἔχει.
2891 4737 2963 4789 Σὺ
2996 4736 3051 4789 δὲ
3081 4737 3130 4787 εἰ
3164 4734 3265 4804 μὲν
3294 4733 3399 4803 φῂς
3447 4732 3695 4803 χαρίζειν
3740 4732 3769 4784 ὃ
3814 4733 3980 4802 ἔχεις,

724 4864 944 4936 quidem
969 4858 1155 4932 largiri
1180 4857 1316 4914 dicis
1338 4857 1482 4926 quod
1531 4852 1727 4913 habes,
1763 4857 1820 4905 et
1865 4861 1985 4918 quae
2030 4844 2123 4898 Dei
2175 4850 2301 4897 sunt

725 4958 1015 5015 arbitraris
1056 4969 1181 5011 esse
1229 4961 1343 5014 tua.
1397 4948 1575 5019 ipsum
1630 4954 1680 4999 te
1714 4940 1852 4996 facis
1883 4942 2049 4995 etiam
2108 4937 2299 5000 Deum,

725 5060 782 5108 et
833 5059 1091 5119 tanquam
1143 5047 1282 5101 Deus
1318 5039 1536 5111 largiris
1579 5036 1821 5107 propria,
1876 5028 2304 5119 quibus_vis,ct

727 5147 888 5209 prout
935 5114 1037 5192 vis.
1090 5133 1185 5190 Sin
1220 5142 1399 5187 autem
1435 5127 1579 5199 quod
1603 5140 1711 5179 non
1752 5122 1940 5188 habes,
1979 5117 2109 5189 quid
2129 5114 2303 5171 facias

2407 4837 2502 4888 καὶ
2537 4834 2607 4887 σὰ
2648 4828 2787 4884 εἶναι
2820 4830 2888 4883 τὰ
2914 4829 3008 4882 τοῖο
3045 4826 3183 4880 Θεοῦ
3219 4826 3485 4895 νομίζεις,
3512 4824 3745 4894 ὁμόθεον
3787 4824 3981 4878 σαυτὸν

2409 4928 2742 4998 πεποίηκας,
2766 4923 2862 4975 καὶ
2886 4922 2961 4984 ὡς
2989 4920 3122 4983 Θεὸς
3173 4918 3377 4989 χαρίζῃ
3408 4919 3475 4969 τὰ
3508 4918 3639 4981 ίδια,
3667 4912 3751 4979 οἷς
3780 4917 3981 4986 βούλει,

2410 5023 2509 5076 καὶ
2562 5017 2748 5081 καθὼς
2791 5014 2995 5086 βούλει.
3046 5013 3109 5066 El
3141 5012 3198 5064 δὲ
3244 5011 3273 5063 ὃ
3306 5011 3405 5063 οὐκ
3440 5009 3603 5080 ἔχεις,
3637 5011 3692 5062 τί
3722 5011 3982 5080 πράττεις

2410 5113 2589 5178 λέξον.
2626 5110 2741 5163 Οὐκ
2777 5103 2928 5171 σίδας
2956 5107 3009 5159 τί
3048 5107 3155 5159 εἰσι
3209 5103 3279 5155 τὰ
3336 5102 3715 5174 μοναστήριας
3764 5101 3981 5171 λιμένες

1877 5253 2062 5312 Joan.
2092 5248 2270 5323 Bapt.
2307 5232 2605 5307 Cotelerii
2644 5246 2833 5302 notte.

801 5392 880 5465 (9)
899 5390 1224 5465 Σισίνγιος.
1250 5386 1531 5465 Balsamon
1546 5382 1609 5437 ad
1635 5390 1893 5465 canonetn
1991 5371 2192 5465 synodi

726 5440 1362 5530 uliie’a—tlevqutesti‘onein
1383 5466 1664 5530 utramque
1686 5460 1894 5530 partem
1922 5440 2303 5530 :"Avjyvtbopq

1232 5511 1807 5601 πατριάρχουὲκέίνου
1827 5516 2023 5601 κυρίοὲ
2037 5511 2306 5601 Σξισιννίρυ

731 5581 1378 5669 τάῖέτάΐδιοριζόμενοξ
1401 5613 1415 5627 ’
1445 5581 1630 5669 Ecclus
1658 5605 1860 5669 quoque
1881 5581 1955 5669 εἰς
1976 5581 2309 5669 Ραιτὶανρίιιξ

731 5650 1346 5727 iliiuwsvde‘mini'Sisinnii
1362 5650 1629 5737 '(secundi
1661 5650 1917 5717 nimirum
1943 5659 2047 5710 hoc
2067 5650 2306 5719 nomine)

732 5745 925 5803 fruntus
955 5743 1135 5795 eadem
1161 5742 1462 5793 decernens.

806 5793 921 5883 (ξ’θῇ
952 5793 1116 5865 bide
1135 5812 1259 5880 μετ’
1292 5810 1501 5865 αὐτόν.
1528 5804 1748 5883 θεουῃθ
1780 5793 2308 5883 suggillaIISergium
2351 5853 2354 5857 ἢ

734 5864 1406 5952 ﬁsi—nuitsucc'e.sorcm,
1466 5878 1621 5947 cujus
1682 5864 1964 5931 Decretum
2029 5864 2193 5923 habes
2258 5864 2313 5917 in

2412 5364 2747 5491 galsamonis
2779 5364 2945 5419 citato
2977 5360 3117 5426 loco,
3166 5368 3330 5428 atque
3364 5356 3489 5413 inde
3532 5355 3585 5409 in
3633 5352 3767 5409 lure
3800 5354 3984 5409 Gneco

2460 5450 2676 5491 οιιιηηο.

2460 5450 2676 5492 οιιιηηο.

2476 5507 2590 5578 (Η)
2638 5504 3078 5578 Ἀνδρογύνοις.
3112 5498 3367 5578 Quasdam
3400 5510 3560 5578 supra
3594 5495 3659 5578 ad
3691 5510 3744 5563 p.
3784 5494 3983 5578 l01,c.

2412 5568 2634 5633 Et‘ve'ro
2662 5568 2789 5632 cuni
2818 5568 2869 5629 ni
2905 5574 3263 5643 ἀνδρογύνοις.
3288 5569 3512 5643 intelligi
3559 5569 3726 5643 etiam
3748 5636 3759 5643 _
3783 5568 3988 5633 possint

2410 5649 2667 5710 eunuchi,
2715 5635 3035 5703 effeminati,
3076 5635 3342 5702 semiviri,
3386 5635 3875 5710 masculufeminte,
3912 5648 3981 5710 ac

2413 5705 2668 5774 mulieres
2716 5717 2850 5771 viris
2900 5714 3192 5783 permistaz,
3232 5710 3394 5783 malui
3435 5706 3872 5783 deconjugihus
3910 5705 3985 5783 in-

2414 5788 2723 5856 terpretari.
2766 5774 3188 5855 Ἀνδρογύναιος
3214 5779 3451 5849 reperies
3479 5776 3691 5847 dialogo
3734 5776 3898 5831 tertio
3926 5774 3985 5826 de

2418 5858 2676 5914 Trinitate
2714 5857 2854 5928 apud
2896 5856 3276 5911 Athanasium.
