  <div class='ocr_page' id='page_1' title='image "/cluster/home/n/w/nwhite01/storage/ocr_20150623/132/nnc1.0046979662/576.png"; bbox 0 0 4194 6444; ppageno 0'>
   <div class='ocr_carea' id='block_1_1' title="bbox 213 419 359 487">
    <p class='ocr_par' dir='ltr' id='par_1_1' title="bbox 213 419 359 487">
     <span class='ocr_line' id='line_1_1' title="bbox 213 419 359 487; baseline 0.041 -6"><span class='ocrx_word' id='word_1_1' title='bbox 213 419 359 487; x_wconf 77' lang='lat'><strong>1133</strong></span> 
     </span>
    </p>
   </div>
   <div class='ocr_carea' id='block_1_2' title="bbox 215 531 2099 605">
    <p class='ocr_par' dir='ltr' id='par_1_2' title="bbox 215 531 2099 605">
     <span class='ocr_line' id='line_1_2' title="bbox 215 531 2099 605; baseline -0.001 -18"><span class='ocrx_word' id='word_1_2' title='bbox 215 538 436 599; x_wconf 62' lang='grc' dir='ltr'>πάντως</span> <span class='ocrx_word' id='word_1_3' title='bbox 469 552 595 598; x_wconf 61' lang='grc' dir='ltr'>τους</span> <span class='ocrx_word' id='word_1_4' title='bbox 627 537 725 605; x_wconf 76' lang='grc' dir='ltr'><strong>τὴν</strong></span> <span class='ocrx_word' id='word_1_5' title='bbox 754 535 1035 589; x_wconf 80' lang='grc' dir='ltr'>θάλασσαν</span> <span class='ocrx_word' id='word_1_6' title='bbox 1067 532 1166 587; x_wconf 80' lang='grc' dir='ltr'>τοῦ</span> <span class='ocrx_word' id='word_1_7' title='bbox 1202 533 1321 604; x_wconf 80' lang='grc' dir='ltr'>βίου</span> <span class='ocrx_word' id='word_1_8' title='bbox 1357 532 1629 596; x_wconf 82' lang='grc' dir='ltr'><strong>πλέοντας</strong></span> <span class='ocrx_word' id='word_1_9' title='bbox 1677 534 1810 585; x_wconf 77' lang='grc' dir='ltr'>ὑπο·</span> <span class='ocrx_word' id='word_1_10' title='bbox 1844 536 1880 589; x_wconf 74' lang='grc' dir='ltr'><strong>Α</strong></span> <span class='ocrx_word' id='word_1_11' title='bbox 1915 531 2099 586; x_wconf 87' lang='lat' dir='ltr'><strong>dicilo.</strong></span> 
     </span>
    </p>
   </div>
   <div class='ocr_carea' id='block_1_3' title="bbox 212 624 1803 695">
    <p class='ocr_par' dir='ltr' id='par_1_3' title="bbox 212 624 1803 695">
     <span class='ocr_line' id='line_1_3' title="bbox 212 624 1803 695; baseline 0.001 -17"><span class='ocrx_word' id='word_1_12' title='bbox 212 627 503 694; x_wconf 75' lang='grc' dir='ltr'>δεχόμενοι</span> <span class='ocrx_word' id='word_1_13' title='bbox 542 628 633 680; x_wconf 71' lang='grc' dir='ltr'>καὶ</span> <span class='ocrx_word' id='word_1_14' title='bbox 660 626 1038 689; x_wconf 74' lang='grc' dir='ltr'>διασώζοντες.</span> <span class='ocrx_word' id='word_1_15' title='bbox 1080 627 1139 679; x_wconf 89' lang='lat'><strong>&#39;0</strong></span> <span class='ocrx_word' id='word_1_16' title='bbox 1167 625 1299 693; x_wconf 74' lang='grc' dir='ltr'>γοῦν</span> <span class='ocrx_word' id='word_1_17' title='bbox 1334 624 1506 678; x_wconf 81' lang='grc' dir='ltr'>ταῦτα</span> <span class='ocrx_word' id='word_1_18' title='bbox 1532 628 1642 686; x_wconf 80' lang='grc' dir='ltr'>τοῖς</span> <span class='ocrx_word' id='word_1_19' title='bbox 1673 626 1803 695; x_wconf 79' lang='grc' dir='ltr'>βιω-</span> 
     </span>
    </p>
   </div>
   <div class='ocr_carea' id='block_1_4' title="bbox 212 719 1805 790">
    <p class='ocr_par' dir='ltr' id='par_1_4' title="bbox 212 719 1805 790">
     <span class='ocr_line' id='line_1_4' title="bbox 212 719 1805 790; baseline 0.001 -19"><span class='ocrx_word' id='word_1_20' title='bbox 212 724 393 781; x_wconf 79' lang='grc' dir='ltr'>τικοῖς</span> <span class='ocrx_word' id='word_1_21' title='bbox 450 719 839 790; x_wconf 70' lang='grc' dir='ltr'><strong>χαριζόμενος,</strong></span> <span class='ocrx_word' id='word_1_22' title='bbox 911 719 1067 772; x_wconf 79' lang='grc' dir='ltr'>οὐδὲν</span> <span class='ocrx_word' id='word_1_23' title='bbox 1131 719 1261 773; x_wconf 84' lang='grc' dir='ltr'>ἄλλο</span> <span class='ocrx_word' id='word_1_24' title='bbox 1323 721 1506 786; x_wconf 87' lang='grc' dir='ltr'>ποιεῖ,</span> <span class='ocrx_word' id='word_1_25' title='bbox 1572 719 1605 789; x_wconf 79' lang='grc' dir='ltr'>ἢ</span> <span class='ocrx_word' id='word_1_26' title='bbox 1676 720 1805 784; x_wconf 69' lang='grc' dir='ltr'>τοὺς</span> 
     </span>
    </p>
   </div>
   <div class='ocr_carea' id='block_1_5' title="bbox 214 810 1804 882">
    <p class='ocr_par' dir='ltr' id='par_1_5' title="bbox 214 810 1804 882">
     <span class='ocr_line' id='line_1_5' title="bbox 214 810 1804 882; baseline 0.003 -21"><span class='ocrx_word' id='word_1_27' title='bbox 214 814 514 880; x_wconf 61' lang='grc' dir='ltr'>φραγμοὺς</span> <span class='ocrx_word' id='word_1_28' title='bbox 566 812 673 864; x_wconf 81' lang='grc' dir='ltr'>τῶν</span> <span class='ocrx_word' id='word_1_29' title='bbox 729 812 969 880; x_wconf 80' lang='grc' dir='ltr'>λιμένων</span> <span class='ocrx_word' id='word_1_30' title='bbox 1024 810 1325 882; x_wconf 85' lang='grc' dir='ltr'>περιελὼν,</span> <span class='ocrx_word' id='word_1_31' title='bbox 1377 810 1677 881; x_wconf 81' lang='grc' dir='ltr'>ὡδοποίησε</span> <span class='ocrx_word' id='word_1_32' title='bbox 1726 812 1804 881; x_wconf 83' lang='grc' dir='ltr'>τῷ</span> 
     </span>
    </p>
   </div>
   <div class='ocr_carea' id='block_1_6' title="bbox 212 902 1803 974">
    <p class='ocr_par' dir='ltr' id='par_1_6' title="bbox 212 902 1803 974">
     <span class='ocr_line' id='line_1_6' title="bbox 212 902 1803 974; baseline 0.004 -22"><span class='ocrx_word' id='word_1_33' title='bbox 212 902 452 955; x_wconf 81' lang='grc' dir='ltr'>κλύδωνι</span> <span class='ocrx_word' id='word_1_34' title='bbox 493 904 593 973; x_wconf 82' lang='grc' dir='ltr'>τῆς</span> <span class='ocrx_word' id='word_1_35' title='bbox 634 904 937 973; x_wconf 76' lang='grc' dir='ltr'><strong>θαλάσσης,</strong></span> <span class='ocrx_word' id='word_1_36' title='bbox 977 904 1076 974; x_wconf 80' lang='grc' dir='ltr'><strong>τὴν</strong></span> <span class='ocrx_word' id='word_1_37' title='bbox 1110 906 1190 966; x_wconf 81' lang='grc' dir='ltr'><strong>είς</strong></span> <span class='ocrx_word' id='word_1_38' title='bbox 1227 904 1356 967; x_wconf 72' lang='grc' dir='ltr'>τοὺς</span> <span class='ocrx_word' id='word_1_39' title='bbox 1386 903 1615 974; x_wconf 76' lang='grc' dir='ltr'><strong>λιμένας</strong></span> <span class='ocrx_word' id='word_1_40' title='bbox 1661 904 1803 958; x_wconf 73' lang='grc' dir='ltr'>εἷσο-</span> 
     </span>
    </p>
   </div>
   <div class='ocr_carea' id='block_1_7' title="bbox 211 996 1805 1070">
    <p class='ocr_par' dir='ltr' id='par_1_7' title="bbox 211 996 1805 1070">
     <span class='ocr_line' id='line_1_7' title="bbox 211 996 1805 1070; baseline 0.004 -24"><span class='ocrx_word' id='word_1_41' title='bbox 211 996 326 1047; x_wconf 83' lang='grc' dir='ltr'>δον·</span> <span class='ocrx_word' id='word_1_42' title='bbox 359 1000 457 1049; x_wconf 67' lang='grc' dir='ltr'><strong>καὶ</strong></span> <span class='ocrx_word' id='word_1_43' title='bbox 490 999 675 1051; x_wconf 78' lang='grc' dir='ltr'>οὐκέτι</span> <span class='ocrx_word' id='word_1_44' title='bbox 706 998 816 1052; x_wconf 74' lang='grc' dir='ltr'>εἰσὶ</span> <span class='ocrx_word' id='word_1_45' title='bbox 845 998 1089 1068; x_wconf 77' lang='grc' dir='ltr'><strong>λιμένες·</strong></span> <span class='ocrx_word' id='word_1_46' title='bbox 1121 999 1217 1051; x_wconf 76' lang='grc' dir='ltr'><strong>καὶ</strong></span> <span class='ocrx_word' id='word_1_47' title='bbox 1239 998 1467 1067; x_wconf 81' lang='grc' dir='ltr'>γέγονεν</span> <span class='ocrx_word' id='word_1_48' title='bbox 1493 1001 1805 1070; x_wconf 82' lang='grc' dir='ltr'>οἰκουμενι-</span> 
     </span>
    </p>
   </div>
   <div class='ocr_carea' id='block_1_8' title="bbox 212 1088 719 1157">
    <p class='ocr_par' dir='ltr' id='par_1_8' title="bbox 212 1088 719 1157">
     <span class='ocr_line' id='line_1_8' title="bbox 212 1088 719 1157; baseline 0.006 -17"><span class='ocrx_word' id='word_1_49' title='bbox 212 1088 313 1140; x_wconf 81' lang='grc' dir='ltr'>κὺν</span> <span class='ocrx_word' id='word_1_50' title='bbox 340 1089 403 1140; x_wconf 78' lang='grc' dir='ltr'>τὸ</span> <span class='ocrx_word' id='word_1_51' title='bbox 434 1090 719 1157; x_wconf 76' lang='grc' dir='ltr'><strong>ναυάγιον.</strong></span> 
     </span>
    </p>
   </div>
   <div class='ocr_carea' id='block_1_9' title="bbox 289 1177 1806 1251">
    <p class='ocr_par' dir='ltr' id='par_1_9' title="bbox 289 1177 1806 1251">
     <span class='ocr_line' id='line_1_9' title="bbox 289 1177 1806 1251; baseline 0.003 -20"><span class='ocrx_word' id='word_1_52' title='bbox 289 1177 380 1234; x_wconf 88' lang='grc' dir='ltr'>ια’.</span> <span class='ocrx_word' id='word_1_53' title='bbox 425 1182 540 1233; x_wconf 69' lang='grc' dir='ltr'><strong>Οὐκ</strong></span> <span class='ocrx_word' id='word_1_54' title='bbox 566 1178 716 1243; x_wconf 71' lang='grc' dir='ltr'>οἶδας</span> <span class='ocrx_word' id='word_1_55' title='bbox 737 1182 791 1234; x_wconf 79' lang='grc' dir='ltr'><strong>τί</strong></span> <span class='ocrx_word' id='word_1_56' title='bbox 810 1183 928 1234; x_wconf 75' lang='grc' dir='ltr'>ἐστι</span> <span class='ocrx_word' id='word_1_57' title='bbox 952 1183 1345 1251; x_wconf 75' lang='grc' dir='ltr'>μοναστήριον;</span> <span class='ocrx_word' id='word_1_58' title='bbox 1373 1182 1621 1248; x_wconf 78' lang='grc' dir='ltr'>Πάντως,</span> <span class='ocrx_word' id='word_1_59' title='bbox 1648 1183 1806 1250; x_wconf 76' lang='grc' dir='ltr'>ἅγιος</span> 
     </span>
    </p>
   </div>
   <div class='ocr_carea' id='block_1_10' title="bbox 214 1267 1805 1344">
    <p class='ocr_par' dir='ltr' id='par_1_10' title="bbox 214 1267 1805 1344">
     <span class='ocr_line' id='line_1_10' title="bbox 214 1267 1805 1344; baseline 0.002 -21"><span class='ocrx_word' id='word_1_60' title='bbox 214 1267 366 1333; x_wconf 82' lang='grc' dir='ltr'>οἶκος</span> <span class='ocrx_word' id='word_1_61' title='bbox 400 1273 487 1323; x_wconf 79' lang='grc' dir='ltr'><strong>ἐπ’</strong></span> <span class='ocrx_word' id='word_1_62' title='bbox 515 1272 740 1339; x_wconf 80' lang='grc' dir='ltr'>ὀνόματι</span> <span class='ocrx_word' id='word_1_63' title='bbox 769 1272 1009 1343; x_wconf 70' lang='grc' dir='ltr'>Χριστοῦ</span> <span class='ocrx_word' id='word_1_64' title='bbox 1040 1272 1137 1325; x_wconf 79' lang='grc' dir='ltr'>τοῦ</span> <span class='ocrx_word' id='word_1_65' title='bbox 1174 1272 1311 1325; x_wconf 73' lang='grc' dir='ltr'>Θεοῦ</span> <span class='ocrx_word' id='word_1_66' title='bbox 1363 1273 1532 1342; x_wconf 68' lang='grc' dir='ltr'>τυχὸν</span> <span class='ocrx_word' id='word_1_67' title='bbox 1580 1274 1805 1344; x_wconf 76' lang='grc' dir='ltr'>ἱδρυμέ-</span> 
     </span>
    </p>
   </div>
   <div class='ocr_carea' id='block_1_11' title="bbox 216 1365 1805 1437">
    <p class='ocr_par' dir='ltr' id='par_1_11' title="bbox 216 1365 1805 1437">
     <span class='ocr_line' id='line_1_11' title="bbox 216 1365 1805 1437; baseline 0.004 -24"><span class='ocrx_word' id='word_1_68' title='bbox 216 1380 332 1424; x_wconf 87' lang='grc' dir='ltr'>νος,</span> <span class='ocrx_word' id='word_1_69' title='bbox 370 1365 553 1433; x_wconf 72' lang='grc' dir='ltr'>φέρων</span> <span class='ocrx_word' id='word_1_70' title='bbox 595 1366 758 1417; x_wconf 66' lang='grc' dir='ltr'>αὑτὸν</span> <span class='ocrx_word' id='word_1_71' title='bbox 796 1367 853 1416; x_wconf 81' lang='grc' dir='ltr'>ἐν</span> <span class='ocrx_word' id='word_1_72' title='bbox 896 1368 1009 1428; x_wconf 85' lang='grc' dir='ltr'>τοῖς</span> <span class='ocrx_word' id='word_1_73' title='bbox 1050 1367 1218 1436; x_wconf 79' lang='grc' dir='ltr'>ἱεροῖς</span> <span class='ocrx_word' id='word_1_74' title='bbox 1260 1366 1475 1428; x_wconf 81' lang='grc' dir='ltr'>ἀδύτοις</span> <span class='ocrx_word' id='word_1_75' title='bbox 1513 1368 1805 1437; x_wconf 87' lang='grc' dir='ltr'>ἀνιστορη-</span> 
     </span>
    </p>
   </div>
   <div class='ocr_carea' id='block_1_12' title="bbox 220 1454 1801 1528">
    <p class='ocr_par' dir='ltr' id='par_1_12' title="bbox 220 1454 1801 1528">
     <span class='ocr_line' id='line_1_12' title="bbox 220 1454 1801 1528; baseline 0.003 -22"><span class='ocrx_word' id='word_1_76' title='bbox 220 1454 288 1521; x_wconf 79' lang='grc' dir='ltr'>μέ</span> <span class='ocrx_word' id='word_1_77' title='bbox 307 1472 407 1517; x_wconf 64' lang='grc' dir='ltr'>ιον,</span> <span class='ocrx_word' id='word_1_78' title='bbox 435 1458 527 1507; x_wconf 69' lang='grc' dir='ltr'>καὶ</span> <span class='ocrx_word' id='word_1_79' title='bbox 558 1457 625 1507; x_wconf 75' lang='grc' dir='ltr'><strong>τά</strong></span> <span class='ocrx_word' id='word_1_80' title='bbox 652 1455 912 1526; x_wconf 83' lang='grc' dir='ltr'>θαύματα</span> <span class='ocrx_word' id='word_1_81' title='bbox 942 1456 1105 1509; x_wconf 81' lang='grc' dir='ltr'>αὐτοῦ</span> <span class='ocrx_word' id='word_1_82' title='bbox 1126 1456 1303 1510; x_wconf 76' lang='grc' dir='ltr'>καὶτὰ</span> <span class='ocrx_word' id='word_1_83' title='bbox 1333 1456 1452 1509; x_wconf 83' lang='grc' dir='ltr'>θεῖα</span> <span class='ocrx_word' id='word_1_84' title='bbox 1481 1456 1801 1528; x_wconf 80' lang='grc' dir='ltr'>παθήματα·</span> 
     </span>
    </p>
   </div>
   <div class='ocr_carea' id='block_1_13' title="bbox 214 1548 1799 1622">
    <p class='ocr_par' dir='ltr' id='par_1_13' title="bbox 214 1548 1799 1622">
     <span class='ocr_line' id='line_1_13' title="bbox 214 1548 1799 1622; baseline 0.003 -23"><span class='ocrx_word' id='word_1_85' title='bbox 214 1548 274 1599; x_wconf 82' lang='grc' dir='ltr'><strong>ὲν</strong></span> <span class='ocrx_word' id='word_1_86' title='bbox 296 1549 375 1617; x_wconf 79' lang='grc' dir='ltr'><strong>τῷ</strong></span> <span class='ocrx_word' id='word_1_87' title='bbox 400 1550 513 1617; x_wconf 79' lang='grc' dir='ltr'><strong>ναῷ</strong></span> <span class='ocrx_word' id='word_1_88' title='bbox 548 1555 737 1614; x_wconf 75' lang='grc' dir='ltr'>παντὶ,</span> <span class='ocrx_word' id='word_1_89' title='bbox 798 1551 972 1619; x_wconf 78' lang='grc' dir='ltr'>βίϐλοι</span> <span class='ocrx_word' id='word_1_90' title='bbox 1028 1552 1173 1620; x_wconf 75' lang='grc' dir='ltr'>ἱεραὶ</span> <span class='ocrx_word' id='word_1_91' title='bbox 1206 1553 1301 1603; x_wconf 78' lang='grc' dir='ltr'><strong>καὶ</strong></span> <span class='ocrx_word' id='word_1_92' title='bbox 1333 1551 1452 1605; x_wconf 86' lang='grc' dir='ltr'>Θεῖα</span> <span class='ocrx_word' id='word_1_93' title='bbox 1486 1550 1748 1622; x_wconf 79' lang='grc' dir='ltr'>κειμήλια</span> <span class='ocrx_word' id='word_1_94' title='bbox 1786 1565 1799 1578; x_wconf 88' lang='grc'><strong>·</strong></span> 
     </span>
    </p>
   </div>
   <div class='ocr_carea' id='block_1_14' title="bbox 216 1636 1802 1706">
    <p class='ocr_par' dir='ltr' id='par_1_14' title="bbox 216 1636 1802 1706">
     <span class='ocr_line' id='line_1_14' title="bbox 216 1636 1802 1706; baseline 0.001 -20"><span class='ocrx_word' id='word_1_95' title='bbox 216 1636 443 1688; x_wconf 78' lang='grc' dir='ltr'>συνοδὲα</span> <span class='ocrx_word' id='word_1_96' title='bbox 483 1638 646 1701; x_wconf 79' lang='grc' dir='ltr'>ἁγία,</span> <span class='ocrx_word' id='word_1_97' title='bbox 679 1637 745 1689; x_wconf 74' lang='grc' dir='ltr'>δι’</span> <span class='ocrx_word' id='word_1_98' title='bbox 786 1638 953 1690; x_wconf 82' lang='grc' dir='ltr'>αὐτὸν</span> <span class='ocrx_word' id='word_1_99' title='bbox 980 1677 995 1700; x_wconf 93' lang='grc'><strong>,</strong></span> <span class='ocrx_word' id='word_1_100' title='bbox 1036 1638 1279 1705; x_wconf 86' lang='grc' dir='ltr'><strong>κόσμον,</strong></span> <span class='ocrx_word' id='word_1_101' title='bbox 1315 1638 1383 1690; x_wconf 78' lang='grc' dir='ltr'><strong>τά</strong></span> <span class='ocrx_word' id='word_1_102' title='bbox 1417 1638 1472 1690; x_wconf 85' lang='grc' dir='ltr'>ὲν</span> <span class='ocrx_word' id='word_1_103' title='bbox 1502 1638 1693 1706; x_wconf 76' lang='grc' dir='ltr'>κόσμῳ</span> <span class='ocrx_word' id='word_1_104' title='bbox 1742 1652 1802 1687; x_wconf 83' lang='grc' dir='ltr'><strong>τε</strong></span> 
     </span>
    </p>
   </div>
   <div class='ocr_carea' id='block_1_15' title="bbox 214 1719 1803 1797">
    <p class='ocr_par' dir='ltr' id='par_1_15' title="bbox 214 1719 1803 1797">
     <span class='ocr_line' id='line_1_15' title="bbox 214 1719 1803 1797; baseline -0.001 -21"><span class='ocrx_word' id='word_1_105' title='bbox 214 1727 311 1777; x_wconf 73' lang='grc' dir='ltr'><strong>καὶ</strong></span> <span class='ocrx_word' id='word_1_106' title='bbox 342 1719 546 1794; x_wconf 76' lang='grc' dir='ltr'>ἑαυτὴν</span> <span class='ocrx_word' id='word_1_107' title='bbox 606 1727 1053 1797; x_wconf 84' lang='grc' dir='ltr'>άπαρνησαμένη</span> <span class='ocrx_word' id='word_1_108' title='bbox 1082 1764 1097 1788; x_wconf 90' lang='grc'><strong>,</strong></span> <span class='ocrx_word' id='word_1_109' title='bbox 1132 1727 1228 1778; x_wconf 73' lang='grc' dir='ltr'><strong>καὶ</strong></span> <span class='ocrx_word' id='word_1_110' title='bbox 1280 1725 1433 1797; x_wconf 82' lang='grc' dir='ltr'>αὐτῷ</span> <span class='ocrx_word' id='word_1_111' title='bbox 1480 1724 1803 1794; x_wconf 85' lang='grc' dir='ltr'>κολληθεῖσα</span> 
     </span>
    </p>
   </div>
   <div class='ocr_carea' id='block_1_16' title="bbox 214 1802 1804 1887">
    <p class='ocr_par' dir='ltr' id='par_1_16' title="bbox 214 1802 1804 1887">
     <span class='ocr_line' id='line_1_16' title="bbox 214 1802 1804 1887; baseline 0 -21"><span class='ocrx_word' id='word_1_112' title='bbox 214 1815 313 1866; x_wconf 74' lang='grc' dir='ltr'><strong>καὶ</strong></span> <span class='ocrx_word' id='word_1_113' title='bbox 354 1817 793 1887; x_wconf 81' lang='grc' dir='ltr'>προσανέχουσα,</span> <span class='ocrx_word' id='word_1_114' title='bbox 840 1818 937 1870; x_wconf 75' lang='grc' dir='ltr'>καὶ</span> <span class='ocrx_word' id='word_1_115' title='bbox 989 1802 1377 1887; x_wconf 80' lang='grc' dir='ltr'>αὐτῷ’νυκτὸς</span> <span class='ocrx_word' id='word_1_116' title='bbox 1437 1815 1530 1869; x_wconf 81' lang='grc' dir='ltr'>καὶ</span> <span class='ocrx_word' id='word_1_117' title='bbox 1586 1816 1804 1886; x_wconf 75' lang='grc' dir='ltr'>ἡμέρας</span> 
     </span>
    </p>
   </div>
   <div class='ocr_carea' id='block_1_17' title="bbox 1023 415 2675 481">
    <p class='ocr_par' dir='ltr' id='par_1_17' title="bbox 1023 415 2675 481">
     <span class='ocr_line' id='line_1_17' title="bbox 1023 415 2675 481; baseline -0.002 0"><span class='ocrx_word' id='word_1_118' title='bbox 1023 422 1119 481; x_wconf 88' lang='lat' dir='ltr'><strong>DE</strong></span> <span class='ocrx_word' id='word_1_119' title='bbox 1163 417 1689 481; x_wconf 78' lang='lat' dir='ltr'><strong>MONASTERUS</strong></span> <span class='ocrx_word' id='word_1_120' title='bbox 1730 417 1982 477; x_wconf 78' lang='lat' dir='ltr'><strong>LAlClS</strong></span> <span class='ocrx_word' id='word_1_121' title='bbox 2021 415 2173 477; x_wconf 82' lang='lat' dir='ltr'><strong>NON</strong></span> <span class='ocrx_word' id='word_1_122' title='bbox 2211 418 2675 479; x_wconf 70' lang='lat' dir='ltr'><strong>TiiADENDIS.</strong></span> 
     </span>
    </p>
   </div>
   <div class='ocr_carea' id='block_1_18' title="bbox 3340 423 3478 494">
    <p class='ocr_par' dir='ltr' id='par_1_18' title="bbox 3340 423 3478 494">
     <span class='ocr_line' id='line_1_18' title="bbox 3340 423 3478 494; baseline 0.058 -8"><span class='ocrx_word' id='word_1_123' title='bbox 3340 423 3478 494; x_wconf 69' lang='grc'><strong>1134</strong></span> 
     </span>
    </p>
   </div>
   <div class='ocr_carea' id='block_1_19' title="bbox 2180 529 3484 602">
    <p class='ocr_par' dir='ltr' id='par_1_19' title="bbox 2180 529 3484 602">
     <span class='ocr_line' id='line_1_19' title="bbox 2180 529 3484 602; baseline 0.008 -19"><span class='ocrx_word' id='word_1_124' title='bbox 2180 529 2371 586; x_wconf 83' lang='lat' dir='ltr'><strong>Nonne</strong></span> <span class='ocrx_word' id='word_1_125' title='bbox 2426 534 2535 587; x_wconf 90' lang='lat' dir='ltr'><strong>scis</strong></span> <span class='ocrx_word' id='word_1_126' title='bbox 2599 533 2857 602; x_wconf 78' lang='lat' dir='ltr'><strong>quidnam</strong></span> <span class='ocrx_word' id='word_1_127' title='bbox 2928 537 3037 590; x_wconf 85' lang='lat' dir='ltr'><strong>sint</strong></span> <span class='ocrx_word' id='word_1_128' title='bbox 3105 542 3484 594; x_wconf 74' lang='lat' dir='ltr'><strong>monasteria?</strong></span> 
     </span>
    </p>
   </div>
   <div class='ocr_carea' id='block_1_20' title="bbox 1911 618 3485 696">
    <p class='ocr_par' dir='ltr' id='par_1_20' title="bbox 1911 618 3485 696">
     <span class='ocr_line' id='line_1_20' title="bbox 1911 618 3485 696; baseline 0.003 -21"><span class='ocrx_word' id='word_1_129' title='bbox 1911 618 2110 675; x_wconf 88' lang='lat' dir='ltr'><strong>Portus</strong></span> <span class='ocrx_word' id='word_1_130' title='bbox 2156 618 2333 687; x_wconf 78' lang='lat' dir='ltr'><strong>plane,</strong></span> <span class='ocrx_word' id='word_1_131' title='bbox 2368 623 2460 691; x_wconf 90' lang='lat' dir='ltr'><strong>qui</strong></span> <span class='ocrx_word' id='word_1_132' title='bbox 2516 622 2568 674; x_wconf 90' lang='lat' dir='ltr'><strong>in</strong></span> <span class='ocrx_word' id='word_1_133' title='bbox 2600 624 2723 675; x_wconf 73' lang='lat' dir='ltr'><strong>vizze</strong></span> <span class='ocrx_word' id='word_1_134' title='bbox 2759 625 2892 677; x_wconf 86' lang='lat' dir='ltr'><strong>mari</strong></span> <span class='ocrx_word' id='word_1_135' title='bbox 2943 627 3258 696; x_wconf 67' lang='lat' dir='ltr'><strong>navigantes</strong></span> <span class='ocrx_word' id='word_1_136' title='bbox 3308 631 3485 682; x_wconf 55' lang='lat' dir='ltr'><strong>sue-i—</strong></span> 
     </span>
    </p>
   </div>
   <div class='ocr_carea' id='block_1_21' title="bbox 1912 711 3489 783">
    <p class='ocr_par' dir='ltr' id='par_1_21' title="bbox 1912 711 3489 783">
     <span class='ocr_line' id='line_1_21' title="bbox 1912 711 3489 783; baseline 0.006 -19"><span class='ocrx_word' id='word_1_137' title='bbox 1912 712 2069 782; x_wconf 89' lang='lat' dir='ltr'><strong>piunt</strong></span> <span class='ocrx_word' id='word_1_138' title='bbox 2104 720 2159 765; x_wconf 90' lang='lat' dir='ltr'><strong>et</strong></span> <span class='ocrx_word' id='word_1_139' title='bbox 2190 720 2535 767; x_wconf 80' lang='lat' dir='ltr'><strong>conservant.</strong></span> <span class='ocrx_word' id='word_1_140' title='bbox 2576 711 2675 778; x_wconf 77' lang='lat' dir='ltr'><strong>Qui</strong></span> <span class='ocrx_word' id='word_1_141' title='bbox 2703 729 2832 783; x_wconf 76' lang='lat' dir='ltr'><strong>ergo</strong></span> <span class='ocrx_word' id='word_1_142' title='bbox 2861 715 2974 767; x_wconf 73' lang='lat' dir='ltr'><strong>lucc</strong></span> <span class='ocrx_word' id='word_1_143' title='bbox 2994 718 3350 773; x_wconf 70' lang='lat' dir='ltr'><strong>saecularibus</strong></span> <span class='ocrx_word' id='word_1_144' title='bbox 3378 724 3455 773; x_wconf 82' lang='lat' dir='ltr'><strong>tat</strong></span> <span class='ocrx_word' id='word_1_145' title='bbox 3474 751 3489 763; x_wconf 86' lang='lat'><strong>-</strong></span> 
     </span>
    </p>
   </div>
   <div class='ocr_carea' id='block_1_22' title="bbox 1909 804 3483 881">
    <p class='ocr_par' dir='ltr' id='par_1_22' title="bbox 1909 804 3483 881">
     <span class='ocr_line' id='line_1_22' title="bbox 1909 804 3483 881; baseline 0.008 -25"><span class='ocrx_word' id='word_1_146' title='bbox 1909 804 2073 873; x_wconf 75' lang='lat' dir='ltr'><strong>gitur,</strong></span> <span class='ocrx_word' id='word_1_147' title='bbox 2105 804 2241 859; x_wconf 82' lang='lat' dir='ltr'><strong>nihil</strong></span> <span class='ocrx_word' id='word_1_148' title='bbox 2301 804 2448 858; x_wconf 86' lang='lat' dir='ltr'><strong>aliud</strong></span> <span class='ocrx_word' id='word_1_149' title='bbox 2480 806 2611 872; x_wconf 82' lang='lat' dir='ltr'><strong>agit,</strong></span> <span class='ocrx_word' id='word_1_150' title='bbox 2662 822 2822 875; x_wconf 82' lang='lat' dir='ltr'><strong>quant</strong></span> <span class='ocrx_word' id='word_1_151' title='bbox 2882 809 3174 877; x_wconf 74' lang='lat' dir='ltr'><strong>aggeribus</strong></span> <span class='ocrx_word' id='word_1_152' title='bbox 3226 826 3483 881; x_wconf 83' lang='lat' dir='ltr'><strong>portuum</strong></span> 
     </span>
    </p>
   </div>
   <div class='ocr_carea' id='block_1_23' title="bbox 1909 895 3484 973">
    <p class='ocr_par' dir='ltr' id='par_1_23' title="bbox 1909 895 3484 973">
     <span class='ocr_line' id='line_1_23' title="bbox 1909 895 3484 973; baseline 0.006 -23"><span class='ocrx_word' id='word_1_153' title='bbox 1909 895 2158 961; x_wconf 75' lang='lat' dir='ltr'><strong>sublatis,</strong></span> <span class='ocrx_word' id='word_1_154' title='bbox 2194 896 2341 951; x_wconf 91' lang='lat' dir='ltr'><strong>viam</strong></span> <span class='ocrx_word' id='word_1_155' title='bbox 2379 897 2510 950; x_wconf 89' lang='lat' dir='ltr'><strong>dare</strong></span> <span class='ocrx_word' id='word_1_156' title='bbox 2537 895 2790 952; x_wconf 83' lang='lat' dir='ltr'><strong>ﬂuetibus</strong></span> <span class='ocrx_word' id='word_1_157' title='bbox 2816 901 3001 962; x_wconf 88' lang='lat' dir='ltr'><strong>maris,</strong></span> <span class='ocrx_word' id='word_1_158' title='bbox 3052 916 3158 970; x_wconf 85' lang='lat' dir='ltr'><strong>qua</strong></span> <span class='ocrx_word' id='word_1_159' title='bbox 3192 903 3243 955; x_wconf 89' lang='lat' dir='ltr'><strong>in</strong></span> <span class='ocrx_word' id='word_1_160' title='bbox 3294 913 3484 973; x_wconf 84' lang='lat' dir='ltr'><strong>portus</strong></span> 
     </span>
    </p>
   </div>
   <div class='ocr_carea' id='block_1_24' title="bbox 1910 988 3486 1063">
    <p class='ocr_par' dir='ltr' id='par_1_24' title="bbox 1910 988 3486 1063">
     <span class='ocr_line' id='line_1_24' title="bbox 1910 988 3486 1063; baseline 0.007 -21"><span class='ocrx_word' id='word_1_161' title='bbox 1910 988 2325 1058; x_wconf 64' lang='lat' dir='ltr'><strong>ingrediantur:</strong></span> <span class='ocrx_word' id='word_1_162' title='bbox 2362 990 2503 1044; x_wconf 90' lang='lat' dir='ltr'><strong>unde</strong></span> <span class='ocrx_word' id='word_1_163' title='bbox 2534 992 2639 1043; x_wconf 87' lang='lat' dir='ltr'><strong>neu</strong></span> <span class='ocrx_word' id='word_1_164' title='bbox 2666 992 2896 1061; x_wconf 77' lang='lat' dir='ltr'><strong>amplius</strong></span> <span class='ocrx_word' id='word_1_165' title='bbox 2940 1003 3127 1063; x_wconf 89' lang='lat' dir='ltr'><strong>portus</strong></span> <span class='ocrx_word' id='word_1_166' title='bbox 3158 1006 3325 1063; x_wconf 88' lang='lat' dir='ltr'><strong>sunt;</strong></span> <span class='ocrx_word' id='word_1_167' title='bbox 3357 1012 3486 1053; x_wconf 85' lang='lat' dir='ltr'><strong>con-</strong></span> 
     </span>
    </p>
   </div>
   <div class='ocr_carea' id='block_1_25' title="bbox 1907 1081 2909 1154">
    <p class='ocr_par' dir='ltr' id='par_1_25' title="bbox 1907 1081 2909 1154">
     <span class='ocr_line' id='line_1_25' title="bbox 1907 1081 2909 1154; baseline 0.002 -17"><span class='ocrx_word' id='word_1_168' title='bbox 1907 1082 2175 1151; x_wconf 77' lang='lat' dir='ltr'><strong>tingitque</strong></span> <span class='ocrx_word' id='word_1_169' title='bbox 2203 1082 2513 1138; x_wconf 78' lang='lat' dir='ltr'><strong>universale</strong></span> <span class='ocrx_word' id='word_1_170' title='bbox 2544 1081 2909 1154; x_wconf 80' lang='lat' dir='ltr'><strong>naufragium.</strong></span> 
     </span>
    </p>
   </div>
   <div class='ocr_carea' id='block_1_26' title="bbox 1979 1162 3485 1253">
    <p class='ocr_par' dir='ltr' id='par_1_26' title="bbox 1979 1162 3485 1253">
     <span class='ocr_line' id='line_1_26' title="bbox 1979 1162 3485 1253; baseline 0.005 -23"><span class='ocrx_word' id='word_1_171' title='bbox 1979 1176 2072 1230; x_wconf 83' lang='lat' dir='ltr'><strong>Xl.</strong></span> <span class='ocrx_word' id='word_1_172' title='bbox 2108 1176 2296 1230; x_wconf 87' lang='lat' dir='ltr'><strong>Nonne</strong></span> <span class='ocrx_word' id='word_1_173' title='bbox 2332 1177 2477 1231; x_wconf 88' lang='lat' dir='ltr'><strong>nosti</strong></span> <span class='ocrx_word' id='word_1_174' title='bbox 2511 1176 2640 1247; x_wconf 91' lang='lat' dir='ltr'><strong>quid</strong></span> <span class='ocrx_word' id='word_1_175' title='bbox 2668 1178 3183 1235; x_wconf 74' lang='lat' dir='ltr'><strong>sitmouasterium?</strong></span> <span class='ocrx_word' id='word_1_176' title='bbox 3210 1181 3304 1238; x_wconf 85' lang='lat' dir='ltr'><strong>Est</strong></span> <span class='ocrx_word' id='word_1_177' title='bbox 3327 1162 3485 1253; x_wconf 86' lang='lat' dir='ltr'><strong>plane</strong></span> 
     </span>
    </p>
   </div>
   <div class='ocr_carea' id='block_1_27' title="bbox 1907 1266 3477 1339">
    <p class='ocr_par' dir='ltr' id='par_1_27' title="bbox 1907 1266 3477 1339">
     <span class='ocr_line' id='line_1_27' title="bbox 1907 1266 3477 1339; baseline 0.004 -19"><span class='ocrx_word' id='word_1_178' title='bbox 1907 1276 2093 1320; x_wconf 86' lang='lat' dir='ltr'><strong>sancta</strong></span> <span class='ocrx_word' id='word_1_179' title='bbox 2118 1266 2308 1320; x_wconf 88' lang='lat' dir='ltr'><strong>domus</strong></span> <span class='ocrx_word' id='word_1_180' title='bbox 2345 1266 2396 1319; x_wconf 94' lang='lat' dir='ltr'><strong>in</strong></span> <span class='ocrx_word' id='word_1_181' title='bbox 2435 1271 2651 1323; x_wconf 87' lang='lat' dir='ltr'><strong>nomine</strong></span> <span class='ocrx_word' id='word_1_182' title='bbox 2681 1268 2866 1324; x_wconf 80' lang='lat' dir='ltr'><strong>forsan</strong></span> <span class='ocrx_word' id='word_1_183' title='bbox 2902 1270 3107 1326; x_wconf 83' lang='lat' dir='ltr'><strong>Christi</strong></span> <span class='ocrx_word' id='word_1_184' title='bbox 3140 1272 3229 1328; x_wconf 90' lang='lat' dir='ltr'><strong>Dei</strong></span> <span class='ocrx_word' id='word_1_185' title='bbox 3266 1288 3477 1339; x_wconf 84' lang='lat' dir='ltr'><strong>erecta,</strong></span> 
     </span>
    </p>
   </div>
   <div class='ocr_carea' id='block_1_28' title="bbox 1907 1357 3484 1432">
    <p class='ocr_par' dir='ltr' id='par_1_28' title="bbox 1907 1357 3484 1432">
     <span class='ocr_line' id='line_1_28' title="bbox 1907 1357 3484 1432; baseline 0.004 -23"><span class='ocrx_word' id='word_1_186' title='bbox 1907 1372 2101 1426; x_wconf 79' lang='lat' dir='ltr'><strong>gerens</strong></span> <span class='ocrx_word' id='word_1_187' title='bbox 2145 1371 2268 1410; x_wconf 89' lang='lat' dir='ltr'><strong>eum</strong></span> <span class='ocrx_word' id='word_1_188' title='bbox 2329 1357 2380 1409; x_wconf 88' lang='lat' dir='ltr'><strong>iu</strong></span> <span class='ocrx_word' id='word_1_189' title='bbox 2420 1360 2590 1413; x_wconf 84' lang='lat' dir='ltr'><strong>sacris</strong></span> <span class='ocrx_word' id='word_1_190' title='bbox 2648 1360 2826 1429; x_wconf 82' lang='lat' dir='ltr'><strong>adytis</strong></span> <span class='ocrx_word' id='word_1_191' title='bbox 2889 1360 3206 1427; x_wconf 85' lang='lat' dir='ltr'><strong>depictum,</strong></span> <span class='ocrx_word' id='word_1_192' title='bbox 3259 1361 3484 1432; x_wconf 79' lang='lat' dir='ltr'><strong>ejusque</strong></span> 
     </span>
    </p>
   </div>
   <div class='ocr_carea' id='block_1_29' title="bbox 1908 1449 3479 1525">
    <p class='ocr_par' dir='ltr' id='par_1_29' title="bbox 1908 1449 3479 1525">
     <span class='ocr_line' id='line_1_29' title="bbox 1908 1449 3479 1525; baseline 0.004 -23"><span class='ocrx_word' id='word_1_193' title='bbox 1908 1449 2165 1518; x_wconf 77' lang='lat' dir='ltr'><strong>miracula</strong></span> <span class='ocrx_word' id='word_1_194' title='bbox 2218 1458 2273 1503; x_wconf 90' lang='lat' dir='ltr'><strong>et</strong></span> <span class='ocrx_word' id='word_1_195' title='bbox 2309 1450 2516 1503; x_wconf 79' lang='lat' dir='ltr'><strong>divitias</strong></span> <span class='ocrx_word' id='word_1_196' title='bbox 2549 1454 2922 1519; x_wconf 78' lang='lat' dir='ltr'><strong>perpessiuues</strong></span> <span class='ocrx_word' id='word_1_197' title='bbox 2948 1470 2962 1519; x_wconf 91' lang='lat'>;</span> <span class='ocrx_word' id='word_1_198' title='bbox 2992 1454 3044 1507; x_wconf 90' lang='lat' dir='ltr'><strong>in</strong></span> <span class='ocrx_word' id='word_1_199' title='bbox 3077 1455 3225 1507; x_wconf 87' lang='lat' dir='ltr'><strong>omni</strong></span> <span class='ocrx_word' id='word_1_200' title='bbox 3255 1456 3479 1525; x_wconf 83' lang='lat' dir='ltr'><strong>templo,</strong></span> 
     </span>
    </p>
   </div>
   <div class='ocr_carea' id='block_1_30' title="bbox 1908 1541 3469 1613">
    <p class='ocr_par' dir='ltr' id='par_1_30' title="bbox 1908 1541 3469 1613">
     <span class='ocr_line' id='line_1_30' title="bbox 1908 1541 3469 1613; baseline 0.004 -20"><span class='ocrx_word' id='word_1_201' title='bbox 1908 1541 2031 1595; x_wconf 83' lang='lat' dir='ltr'><strong>libri</strong></span> <span class='ocrx_word' id='word_1_202' title='bbox 2070 1543 2231 1604; x_wconf 83' lang='lat' dir='ltr'><strong>sacri,</strong></span> <span class='ocrx_word' id='word_1_203' title='bbox 2271 1550 2325 1596; x_wconf 87' lang='lat' dir='ltr'><strong>et</strong></span> <span class='ocrx_word' id='word_1_204' title='bbox 2356 1542 2532 1595; x_wconf 78' lang='lat' dir='ltr'><strong>divina</strong></span> <span class='ocrx_word' id='word_1_205' title='bbox 2567 1543 2913 1611; x_wconf 83' lang='lat' dir='ltr'><strong>pretiosaque</strong></span> <span class='ocrx_word' id='word_1_206' title='bbox 2946 1545 3225 1613; x_wconf 78' lang='lat' dir='ltr'><strong>supellex;</strong></span> <span class='ocrx_word' id='word_1_207' title='bbox 3280 1557 3469 1600; x_wconf 80' lang='lat' dir='ltr'><strong>sancta</strong></span> 
     </span>
    </p>
   </div>
   <div class='ocr_carea' id='block_1_31' title="bbox 1906 1634 3484 1706">
    <p class='ocr_par' dir='ltr' id='par_1_31' title="bbox 1906 1634 3484 1706">
     <span class='ocr_line' id='line_1_31' title="bbox 1906 1634 3484 1706; baseline 0.005 -21"><span class='ocrx_word' id='word_1_208' title='bbox 1906 1634 2142 1688; x_wconf 80' lang='lat' dir='ltr'><strong>societas</strong></span> <span class='ocrx_word' id='word_1_209' title='bbox 2184 1634 2465 1687; x_wconf 91' lang='lat' dir='ltr'><strong>hominum</strong></span> <span class='ocrx_word' id='word_1_210' title='bbox 2498 1635 2585 1702; x_wconf 89' lang='lat' dir='ltr'><strong>qui</strong></span> <span class='ocrx_word' id='word_1_211' title='bbox 2628 1636 2911 1700; x_wconf 77' lang='lat' dir='ltr'><strong>mundutn,</strong></span> <span class='ocrx_word' id='word_1_212' title='bbox 2946 1651 3006 1689; x_wconf 88' lang='lat' dir='ltr'><strong>ea</strong></span> <span class='ocrx_word' id='word_1_213' title='bbox 3060 1637 3255 1706; x_wconf 62' lang='lat' dir='ltr'><strong>quceiu</strong></span> <span class='ocrx_word' id='word_1_214' title='bbox 3282 1640 3484 1693; x_wconf 87' lang='lat' dir='ltr'><strong>mundo</strong></span> 
     </span>
    </p>
   </div>
   <div class='ocr_carea' id='block_1_32' title="bbox 1907 1724 3483 1798">
    <p class='ocr_par' dir='ltr' id='par_1_32' title="bbox 1907 1724 3483 1798">
     <span class='ocr_line' id='line_1_32' title="bbox 1907 1724 3483 1798; baseline 0.004 -21"><span class='ocrx_word' id='word_1_215' title='bbox 1907 1734 2052 1788; x_wconf 85' lang='lat' dir='ltr'><strong>sunt,</strong></span> <span class='ocrx_word' id='word_1_216' title='bbox 2084 1724 2341 1794; x_wconf 84' lang='lat' dir='ltr'><strong>ipsosque</strong></span> <span class='ocrx_word' id='word_1_217' title='bbox 2369 1742 2427 1780; x_wconf 87' lang='lat' dir='ltr'><strong>se</strong></span> <span class='ocrx_word' id='word_1_218' title='bbox 2458 1728 2867 1796; x_wconf 82' lang='lat' dir='ltr'><strong>abnegaveruut</strong></span> <span class='ocrx_word' id='word_1_219' title='bbox 2909 1739 3130 1798; x_wconf 88' lang='lat' dir='ltr'><strong>propter</strong></span> <span class='ocrx_word' id='word_1_220' title='bbox 3174 1730 3370 1794; x_wconf 89' lang='lat' dir='ltr'><strong>Deum,</strong></span> <span class='ocrx_word' id='word_1_221' title='bbox 3404 1730 3483 1785; x_wconf 85' lang='lat' dir='ltr'><strong>ei-</strong></span> 
     </span>
    </p>
   </div>
   <div class='ocr_carea' id='block_1_33' title="bbox 1907 1815 3484 1887">
    <p class='ocr_par' dir='ltr' id='par_1_33' title="bbox 1907 1815 3484 1887">
     <span class='ocr_line' id='line_1_33' title="bbox 1907 1815 3484 1887; baseline 0.006 -22"><span class='ocrx_word' id='word_1_222' title='bbox 1907 1828 2012 1882; x_wconf 87' lang='lat' dir='ltr'><strong>que</strong></span> <span class='ocrx_word' id='word_1_223' title='bbox 2056 1815 2362 1879; x_wconf 73' lang='lat' dir='ltr'><strong>adhaerent,</strong></span> <span class='ocrx_word' id='word_1_224' title='bbox 2413 1818 2721 1882; x_wconf 88' lang='lat' dir='ltr'><strong>attendunt,</strong></span> <span class='ocrx_word' id='word_1_225' title='bbox 2783 1819 2871 1873; x_wconf 88' lang='lat' dir='ltr'><strong>die</strong></span> <span class='ocrx_word' id='word_1_226' title='bbox 2896 1829 3164 1887; x_wconf 87' lang='lat' dir='ltr'><strong>nocteque</strong></span> <span class='ocrx_word' id='word_1_227' title='bbox 3196 1831 3484 1874; x_wconf 82' lang='lat' dir='ltr'><strong>canuutac</strong></span> 
     </span>
    </p>
   </div>
   <div class='ocr_carea' id='block_1_34' title="bbox 216 1904 1819 1988">
    <p class='ocr_par' dir='ltr' id='par_1_34' title="bbox 216 1908 1806 1980">
     <span class='ocr_line' id='line_1_34' title="bbox 216 1908 1806 1980; baseline 0 -20"><span class='ocrx_word' id='word_1_228' title='bbox 216 1908 426 1977; x_wconf 70' lang='grc' dir='ltr'>ᾅδουσα</span> <span class='ocrx_word' id='word_1_229' title='bbox 458 1911 553 1963; x_wconf 83' lang='grc' dir='ltr'>καὶ</span> <span class='ocrx_word' id='word_1_230' title='bbox 581 1910 865 1977; x_wconf 76' lang='grc' dir='ltr'>ψάλλουσα</span> <span class='ocrx_word' id='word_1_231' title='bbox 888 1925 902 1939; x_wconf 88' lang='grc'><strong>·</strong></span> <span class='ocrx_word' id='word_1_232' title='bbox 951 1912 1046 1964; x_wconf 80' lang='grc' dir='ltr'><strong>καὶ</strong></span> <span class='ocrx_word' id='word_1_233' title='bbox 1076 1912 1134 1963; x_wconf 82' lang='grc' dir='ltr'><strong>ὲν</strong></span> <span class='ocrx_word' id='word_1_234' title='bbox 1162 1909 1241 1980; x_wconf 86' lang='grc' dir='ltr'>τῷ</span> <span class='ocrx_word' id='word_1_235' title='bbox 1270 1911 1383 1979; x_wconf 85' lang='grc' dir='ltr'>ναῷ</span> <span class='ocrx_word' id='word_1_236' title='bbox 1422 1908 1612 1975; x_wconf 80' lang='grc' dir='ltr'>αὑτοῦ,</span> <span class='ocrx_word' id='word_1_237' title='bbox 1663 1909 1806 1961; x_wconf 81' lang='grc' dir='ltr'>κατὰ</span> 
     </span>
    </p>
   </div>
   <div class='ocr_carea' id='block_1_35' title="bbox 1905 1904 3480 1988">
    <p class='ocr_par' dir='ltr' id='par_1_35' title="bbox 1909 1906 3480 1988">
     <span class='ocr_line' id='line_1_35' title="bbox 1909 1906 3480 1988; baseline 0.003 -28"><span class='ocrx_word' id='word_1_238' title='bbox 1909 1906 2143 1976; x_wconf 85' lang='lat' dir='ltr'><strong>psallunt</strong></span> <span class='ocrx_word' id='word_1_239' title='bbox 2167 1922 2180 1971; x_wconf 94' lang='lat'>;</span> <span class='ocrx_word' id='word_1_240' title='bbox 2205 1906 2452 1977; x_wconf 72' lang='lat' dir='ltr'><strong>atquein</strong></span> <span class='ocrx_word' id='word_1_241' title='bbox 2481 1908 2679 1977; x_wconf 89' lang='lat' dir='ltr'><strong>templo</strong></span> <span class='ocrx_word' id='word_1_242' title='bbox 2705 1909 2843 1978; x_wconf 83' lang='lat' dir='ltr'><strong>ejus,</strong></span> <span class='ocrx_word' id='word_1_243' title='bbox 2868 1909 3020 1988; x_wconf 82' lang='lat' dir='ltr'><strong>juxta</strong></span> <span class='ocrx_word' id='word_1_244' title='bbox 3047 1909 3391 1965; x_wconf 85' lang='lat' dir='ltr'><strong>Psalmistam</strong></span> <span class='ocrx_word' id='word_1_245' title='bbox 3415 1911 3480 1976; x_wconf 83' lang='lat'><strong>&quot;,</strong></span> 
     </span>
    </p>
   </div>
   <div class='ocr_carea' id='block_1_36' title="bbox 212 2000 1805 2071">
    <p class='ocr_par' dir='ltr' id='par_1_36' title="bbox 212 2000 1805 2071">
     <span class='ocr_line' id='line_1_36' title="bbox 212 2000 1805 2071; baseline 0 -20"><span class='ocrx_word' id='word_1_246' title='bbox 212 2002 308 2051; x_wconf 73' lang='grc' dir='ltr'>τὸν</span> <span class='ocrx_word' id='word_1_247' title='bbox 332 2000 669 2071; x_wconf 75' lang='grc' dir='ltr'>Ψαλμῳδὸν,</span> <span class='ocrx_word' id='word_1_248' title='bbox 703 2002 986 2055; x_wconf 81' lang='grc' dir='ltr'><strong>ἄπαυστον</strong></span> <span class='ocrx_word' id='word_1_249' title='bbox 1025 2003 1263 2071; x_wconf 78' lang='grc' dir='ltr'><strong>λέγουσα</strong></span> <span class='ocrx_word' id='word_1_250' title='bbox 1291 2002 1454 2067; x_wconf 78' lang='grc' dir='ltr'>δόξαν</span> <span class='ocrx_word' id='word_1_251' title='bbox 1476 2016 1488 2029; x_wconf 90' lang='grc'><strong>·</strong></span> <span class='ocrx_word' id='word_1_252' title='bbox 1513 2001 1608 2053; x_wconf 66' lang='grc' dir='ltr'>καὶ</span> <span class='ocrx_word' id='word_1_253' title='bbox 1641 2000 1805 2070; x_wconf 82' lang='grc' dir='ltr'>μέσον</span> 
     </span>
    </p>
   </div>
   <div class='ocr_carea' id='block_1_37' title="bbox 218 2090 1805 2164">
    <p class='ocr_par' dir='ltr' id='par_1_37' title="bbox 218 2090 1805 2164">
     <span class='ocr_line' id='line_1_37' title="bbox 218 2090 1805 2164; baseline 0.011 -21"><span class='ocrx_word' id='word_1_254' title='bbox 218 2090 395 2161; x_wconf 71' lang='grc' dir='ltr'>αὐτῆς</span> <span class='ocrx_word' id='word_1_255' title='bbox 430 2094 633 2161; x_wconf 60' lang='grc' dir='ltr'>ἔχουσα</span> <span class='ocrx_word' id='word_1_256' title='bbox 675 2094 869 2148; x_wconf 81' lang='grc' dir='ltr'>τοῦτον</span> <span class='ocrx_word' id='word_1_257' title='bbox 909 2094 1024 2157; x_wconf 73' lang='grc' dir='ltr'>ἀεὶ,</span> <span class='ocrx_word' id='word_1_258' title='bbox 1072 2094 1217 2147; x_wconf 82' lang='grc' dir='ltr'>κατὰ.</span> <span class='ocrx_word' id='word_1_259' title='bbox 1250 2093 1349 2164; x_wconf 83' lang='grc' dir='ltr'><strong>τὴν</strong></span> <span class='ocrx_word' id='word_1_260' title='bbox 1395 2091 1805 2162; x_wconf 72' lang='grc' dir='ltr'>ἀψευδεστάτην</span> 
     </span>
    </p>
   </div>
   <div class='ocr_carea' id='block_1_38' title="bbox 216 2184 1804 2258">
    <p class='ocr_par' dir='ltr' id='par_1_38' title="bbox 216 2184 1804 2258">
     <span class='ocr_line' id='line_1_38' title="bbox 216 2184 1804 2258; baseline 0.003 -23"><span class='ocrx_word' id='word_1_261' title='bbox 216 2184 391 2237; x_wconf 69' lang='grc' dir='ltr'>αὑτοῦ</span> <span class='ocrx_word' id='word_1_262' title='bbox 417 2187 512 2239; x_wconf 70' lang='grc' dir='ltr'><strong>καὶ</strong></span> <span class='ocrx_word' id='word_1_263' title='bbox 555 2188 705 2239; x_wconf 81' lang='grc' dir='ltr'>θείαν</span> <span class='ocrx_word' id='word_1_264' title='bbox 737 2186 1057 2258; x_wconf 81' lang='grc' dir='ltr'>ὑπόσχεσιν’</span> <span class='ocrx_word' id='word_1_265' title='bbox 1084 2186 1280 2241; x_wconf 80' lang='grc' dir='ltr'><em>’Ὅπου</em></span> <span class='ocrx_word' id='word_1_266' title='bbox 1308 2185 1419 2256; x_wconf 79' lang='grc' dir='ltr'>γάρ</span> <span class='ocrx_word' id='word_1_267' title='bbox 1447 2188 1565 2239; x_wconf 85' lang='grc' dir='ltr'>είσι</span> <span class='ocrx_word' id='word_1_268' title='bbox 1617 2185 1726 2239; x_wconf 80' lang='grc' dir='ltr'><strong>δύο</strong></span> <span class='ocrx_word' id='word_1_269' title='bbox 1766 2185 1804 2253; x_wconf 82' lang='grc' dir='ltr'>ἢ</span> 
     </span>
    </p>
   </div>
   <div class='ocr_carea' id='block_1_39' title="bbox 215 2274 1813 2349">
    <p class='ocr_par' dir='ltr' id='par_1_39' title="bbox 215 2274 1813 2349">
     <span class='ocr_line' id='line_1_39' title="bbox 215 2274 1813 2349; baseline -0.003 -17"><span class='ocrx_word' id='word_1_270' title='bbox 215 2275 377 2341; x_wconf 78' lang='grc' dir='ltr'>τρεῖς</span> <span class='ocrx_word' id='word_1_271' title='bbox 407 2276 784 2347; x_wconf 76' lang='grc' dir='ltr'><strong>συνηγμένοι</strong></span> <span class='ocrx_word' id='word_1_272' title='bbox 818 2281 909 2345; x_wconf 85' lang='grc' dir='ltr'><strong>είς</strong></span> <span class='ocrx_word' id='word_1_273' title='bbox 942 2278 1008 2332; x_wconf 83' lang='grc' dir='ltr'>τὸ</span> <span class='ocrx_word' id='word_1_274' title='bbox 1039 2278 1190 2349; x_wconf 77' lang='grc' dir='ltr'><strong>ἐμὸν</strong></span> <span class='ocrx_word' id='word_1_275' title='bbox 1221 2278 1430 2346; x_wconf 77' lang='grc' dir='ltr'>ὄνομα,</span> <span class='ocrx_word' id='word_1_276' title='bbox 1469 2279 1653 2346; x_wconf 67' lang='grc' dir='ltr'>φησιν,</span> <span class='ocrx_word' id='word_1_277' title='bbox 1684 2274 1813 2329; x_wconf 81' lang='grc' dir='ltr'>ἐκεῖ</span> 
     </span>
    </p>
   </div>
   <div class='ocr_carea' id='block_1_40' title="bbox 215 2370 1809 2445">
    <p class='ocr_par' dir='ltr' id='par_1_40' title="bbox 215 2370 1809 2445">
     <span class='ocr_line' id='line_1_40' title="bbox 215 2370 1809 2445; baseline -0.001 -18"><span class='ocrx_word' id='word_1_278' title='bbox 215 2372 340 2441; x_wconf 80' lang='grc' dir='ltr'>είμὶ</span> <span class='ocrx_word' id='word_1_279' title='bbox 367 2374 625 2443; x_wconf 73' lang='grc' dir='ltr'><strong>ἐνμέσῳ</strong></span> <span class='ocrx_word' id='word_1_280' title='bbox 645 2375 864 2429; x_wconf 74' lang='grc' dir='ltr'>αὐτῶν.</span> <span class='ocrx_word' id='word_1_281' title='bbox 884 2374 1147 2445; x_wconf 80' lang='grc' dir='ltr'>Πρόσοδοι</span> <span class='ocrx_word' id='word_1_282' title='bbox 1185 2373 1279 2426; x_wconf 75' lang='grc' dir='ltr'><strong>ἐπὶ</strong></span> <span class='ocrx_word' id='word_1_283' title='bbox 1302 2374 1508 2436; x_wconf 69' lang='grc' dir='ltr'>τεύτῖις</span> <span class='ocrx_word' id='word_1_284' title='bbox 1540 2373 1683 2440; x_wconf 73' lang='grc' dir='ltr'>ἱεραὶ</span> <span class='ocrx_word' id='word_1_285' title='bbox 1714 2370 1809 2425; x_wconf 73' lang='grc' dir='ltr'>καὶ</span> 
     </span>
    </p>
   </div>
   <div class='ocr_carea' id='block_1_41' title="bbox 216 2464 1804 2535">
    <p class='ocr_par' dir='ltr' id='par_1_41' title="bbox 216 2464 1804 2535">
     <span class='ocr_line' id='line_1_41' title="bbox 216 2464 1804 2535; baseline -0.001 -17"><span class='ocrx_word' id='word_1_286' title='bbox 216 2466 493 2535; x_wconf 67' lang='grc' dir='ltr'>διάφοροι,</span> <span class='ocrx_word' id='word_1_287' title='bbox 527 2467 888 2535; x_wconf 76' lang='grc' dir='ltr'><strong>πολυτρόπως</strong></span> <span class='ocrx_word' id='word_1_288' title='bbox 914 2465 1339 2535; x_wconf 80' lang='grc' dir='ltr'>συλλεγόμεναι,</span> <span class='ocrx_word' id='word_1_289' title='bbox 1371 2467 1507 2534; x_wconf 71' lang='grc' dir='ltr'>πρὸς</span> <span class='ocrx_word' id='word_1_290' title='bbox 1540 2464 1804 2517; x_wconf 86' lang='grc' dir='ltr'>σύστασιν</span> 
     </span>
    </p>
   </div>
   <div class='ocr_carea' id='block_1_42' title="bbox 220 2559 1805 2630">
    <p class='ocr_par' dir='ltr' id='par_1_42' title="bbox 220 2559 1805 2630">
     <span class='ocr_line' id='line_1_42' title="bbox 220 2559 1805 2630; baseline -0.002 -17"><span class='ocrx_word' id='word_1_291' title='bbox 220 2562 318 2613; x_wconf 75' lang='grc' dir='ltr'><strong>καὶ</strong></span> <span class='ocrx_word' id='word_1_292' title='bbox 356 2559 622 2630; x_wconf 77' lang='grc' dir='ltr'>διαμονὴν</span> <span class='ocrx_word' id='word_1_293' title='bbox 652 2561 749 2613; x_wconf 66' lang='grc' dir='ltr'><strong>καὶ</strong></span> <span class='ocrx_word' id='word_1_294' title='bbox 798 2559 1072 2629; x_wconf 86' lang='grc' dir='ltr'>διοίκησιν</span> <span class='ocrx_word' id='word_1_295' title='bbox 1110 2559 1219 2612; x_wconf 82' lang='grc' dir='ltr'><strong>τῶν</strong></span> <span class='ocrx_word' id='word_1_296' title='bbox 1250 2561 1555 2629; x_wconf 71' lang='grc' dir='ltr'><strong>εἰρημένων</strong></span> <span class='ocrx_word' id='word_1_297' title='bbox 1586 2575 1805 2627; x_wconf 78' lang='grc' dir='ltr'>χρημα-</span> 
     </span>
    </p>
   </div>
   <div class='ocr_carea' id='block_1_43' title="bbox 216 2651 1804 2723">
    <p class='ocr_par' dir='ltr' id='par_1_43' title="bbox 216 2651 1804 2723">
     <span class='ocr_line' id='line_1_43' title="bbox 216 2651 1804 2723; baseline 0.001 -21"><span class='ocrx_word' id='word_1_298' title='bbox 216 2651 491 2719; x_wconf 75' lang='grc' dir='ltr'>τίζουσαι,</span> <span class='ocrx_word' id='word_1_299' title='bbox 519 2653 577 2705; x_wconf 85' lang='grc' dir='ltr'><strong>αί</strong></span> <span class='ocrx_word' id='word_1_300' title='bbox 608 2653 759 2722; x_wconf 68' lang='grc' dir='ltr'>παρὰ</span> <span class='ocrx_word' id='word_1_301' title='bbox 794 2653 903 2705; x_wconf 84' lang='grc' dir='ltr'><strong>τῶν</strong></span> <span class='ocrx_word' id='word_1_302' title='bbox 926 2652 1211 2723; x_wconf 78' lang='grc' dir='ltr'>μακαρίων</span> <span class='ocrx_word' id='word_1_303' title='bbox 1233 2653 1534 2722; x_wconf 80' lang='grc' dir='ltr'>κτητὸρων,</span> <span class='ocrx_word' id='word_1_304' title='bbox 1563 2653 1643 2714; x_wconf 87' lang='grc' dir='ltr'><strong>είς</strong></span> <span class='ocrx_word' id='word_1_305' title='bbox 1678 2651 1804 2703; x_wconf 80' lang='grc' dir='ltr'>τοῦ·</span> 
     </span>
    </p>
   </div>
   <div class='ocr_carea' id='block_1_44' title="bbox 217 2744 1807 2816">
    <p class='ocr_par' dir='ltr' id='par_1_44' title="bbox 217 2744 1807 2816">
     <span class='ocr_line' id='line_1_44' title="bbox 217 2744 1807 2816; baseline -0.001 -20"><span class='ocrx_word' id='word_1_306' title='bbox 217 2761 280 2796; x_wconf 88' lang='grc' dir='ltr'><strong>το</strong></span> <span class='ocrx_word' id='word_1_307' title='bbox 306 2745 727 2816; x_wconf 77' lang='grc' dir='ltr'>άφιερωθεῖσαι.</span> <span class='ocrx_word' id='word_1_308' title='bbox 766 2745 955 2797; x_wconf 79' lang='grc' dir='ltr'>Ταῦτα</span> <span class='ocrx_word' id='word_1_309' title='bbox 980 2745 1160 2797; x_wconf 89' lang='grc' dir='ltr'>τοίνυν</span> <span class='ocrx_word' id='word_1_310' title='bbox 1194 2746 1375 2799; x_wconf 84' lang='grc' dir='ltr'>πάντα</span> <span class='ocrx_word' id='word_1_311' title='bbox 1397 2745 1461 2797; x_wconf 78' lang='grc' dir='ltr'><strong>τὰ</strong></span> <span class='ocrx_word' id='word_1_312' title='bbox 1487 2744 1606 2812; x_wconf 76' lang='grc' dir='ltr'>ἱερά</span> <span class='ocrx_word' id='word_1_313' title='bbox 1631 2761 1690 2796; x_wconf 86' lang='grc' dir='ltr'><strong>τε</strong></span> <span class='ocrx_word' id='word_1_314' title='bbox 1714 2744 1807 2797; x_wconf 69' lang='grc' dir='ltr'><strong>καὶ</strong></span> 
     </span>
    </p>
   </div>
   <div class='ocr_carea' id='block_1_45' title="bbox 220 2834 1805 2906">
    <p class='ocr_par' dir='ltr' id='par_1_45' title="bbox 220 2834 1805 2906">
     <span class='ocr_line' id='line_1_45' title="bbox 220 2834 1805 2906; baseline 0.001 -17"><span class='ocrx_word' id='word_1_315' title='bbox 220 2836 342 2889; x_wconf 81' lang='grc' dir='ltr'>θεῖα</span> <span class='ocrx_word' id='word_1_316' title='bbox 379 2838 726 2906; x_wconf 84' lang='grc' dir='ltr'>μοναστήρια</span> <span class='ocrx_word' id='word_1_317' title='bbox 751 2836 847 2889; x_wconf 76' lang='grc' dir='ltr'>καὶ</span> <span class='ocrx_word' id='word_1_318' title='bbox 873 2837 1000 2889; x_wconf 76' lang='grc' dir='ltr'>ὄντα</span> <span class='ocrx_word' id='word_1_319' title='bbox 1032 2838 1123 2889; x_wconf 73' lang='grc' dir='ltr'><strong>καὶ</strong></span> <span class='ocrx_word' id='word_1_320' title='bbox 1153 2835 1419 2903; x_wconf 67' lang='grc' dir='ltr'>λεγόμενα</span> <span class='ocrx_word' id='word_1_321' title='bbox 1444 2875 1457 2897; x_wconf 93' lang='grc'><strong>,</strong></span> <span class='ocrx_word' id='word_1_322' title='bbox 1483 2835 1530 2887; x_wconf 82' lang='grc' dir='ltr'><strong>οί</strong></span> <span class='ocrx_word' id='word_1_323' title='bbox 1564 2836 1672 2887; x_wconf 76' lang='grc' dir='ltr'><strong>ἀπὸ</strong></span> <span class='ocrx_word' id='word_1_324' title='bbox 1710 2834 1805 2891; x_wconf 77' lang='grc' dir='ltr'>τοῦ</span> 
     </span>
    </p>
   </div>
   <div class='ocr_carea' id='block_1_46' title="bbox 218 2926 1805 2998">
    <p class='ocr_par' dir='ltr' id='par_1_46' title="bbox 218 2926 1805 2998">
     <span class='ocr_line' id='line_1_46' title="bbox 218 2926 1805 2998; baseline 0.001 -19"><span class='ocrx_word' id='word_1_325' title='bbox 218 2926 360 2980; x_wconf 75' lang='grc' dir='ltr'>Θεοῦ</span> <span class='ocrx_word' id='word_1_326' title='bbox 404 2929 700 2998; x_wconf 79' lang='grc' dir='ltr'>τολμηρῶς</span> <span class='ocrx_word' id='word_1_327' title='bbox 746 2928 1171 2998; x_wconf 80' lang='grc' dir='ltr'>ἀφαιρούμενοι,</span> <span class='ocrx_word' id='word_1_328' title='bbox 1220 2926 1314 2979; x_wconf 73' lang='grc' dir='ltr'><strong>καὶ</strong></span> <span class='ocrx_word' id='word_1_329' title='bbox 1359 2926 1448 2979; x_wconf 75' lang='grc' dir='ltr'>διὰ</span> <span class='ocrx_word' id='word_1_330' title='bbox 1477 2926 1681 2995; x_wconf 75' lang='grc' dir='ltr'>δωρεᾶς</span> <span class='ocrx_word' id='word_1_331' title='bbox 1708 2927 1805 2979; x_wconf 83' lang='grc' dir='ltr'><strong>ἀν·-</strong></span> 
     </span>
    </p>
   </div>
   <div class='ocr_carea' id='block_1_47' title="bbox 223 3017 1804 3091">
    <p class='ocr_par' dir='ltr' id='par_1_47' title="bbox 223 3017 1804 3091">
     <span class='ocr_line' id='line_1_47' title="bbox 223 3017 1804 3091; baseline -0.001 -19"><span class='ocrx_word' id='word_1_332' title='bbox 223 3018 434 3091; x_wconf 80' lang='grc' dir='ltr'><strong>Θρώπῳ</strong></span> <span class='ocrx_word' id='word_1_333' title='bbox 463 3018 559 3090; x_wconf 78' lang='grc' dir='ltr'><strong>[αι.</strong></span> <span class='ocrx_word' id='word_1_334' title='bbox 594 3018 928 3091; x_wconf 73' lang='grc' dir='ltr'>ἀνθρώπων]</span> <span class='ocrx_word' id='word_1_335' title='bbox 956 3017 1440 3079; x_wconf 78' lang='grc' dir='ltr'>καταδουλοῦντες,</span> <span class='ocrx_word' id='word_1_336' title='bbox 1465 3017 1517 3069; x_wconf 85' lang='grc' dir='ltr'><strong>τί</strong></span> <span class='ocrx_word' id='word_1_337' title='bbox 1550 3019 1804 3087; x_wconf 88' lang='grc' dir='ltr'>ἁμαρτά-</span> 
     </span>
    </p>
   </div>
   <div class='ocr_carea' id='block_1_48' title="bbox 218 3109 1799 3183">
    <p class='ocr_par' dir='ltr' id='par_1_48' title="bbox 218 3109 1799 3183">
     <span class='ocr_line' id='line_1_48' title="bbox 218 3109 1799 3183; baseline 0 -19"><span class='ocrx_word' id='word_1_338' title='bbox 218 3128 424 3176; x_wconf 76' lang='grc' dir='ltr'>νουσινς</span> <span class='ocrx_word' id='word_1_339' title='bbox 466 3112 795 3183; x_wconf 75' lang='grc' dir='ltr'>ἱεροσυλίανς</span> <span class='ocrx_word' id='word_1_340' title='bbox 821 3114 963 3181; x_wconf 73' lang='grc' dir='ltr'>οὐχί.</span> <span class='ocrx_word' id='word_1_341' title='bbox 1012 3111 1070 3163; x_wconf 91' lang='lat'><strong>&#39;0</strong></span> <span class='ocrx_word' id='word_1_342' title='bbox 1096 3111 1205 3180; x_wconf 80' lang='grc' dir='ltr'><strong>γὰρ</strong></span> <span class='ocrx_word' id='word_1_343' title='bbox 1235 3110 1510 3179; x_wconf 70' lang='grc' dir='ltr'>ἱερόσυλος</span> <span class='ocrx_word' id='word_1_344' title='bbox 1532 3150 1544 3174; x_wconf 92' lang='grc'><strong>,</strong></span> <span class='ocrx_word' id='word_1_345' title='bbox 1584 3109 1734 3175; x_wconf 79' lang='grc' dir='ltr'>ἆπαξ</span> <span class='ocrx_word' id='word_1_346' title='bbox 1766 3111 1799 3180; x_wconf 77' lang='grc' dir='ltr'><strong>ἢ</strong></span> 
     </span>
    </p>
   </div>
   <div class='ocr_carea' id='block_1_49' title="bbox 219 3196 1803 3275">
    <p class='ocr_par' dir='ltr' id='par_1_49' title="bbox 219 3196 1803 3275">
     <span class='ocr_line' id='line_1_49' title="bbox 219 3196 1803 3275; baseline -0.001 -18"><span class='ocrx_word' id='word_1_347' title='bbox 219 3206 280 3258; x_wconf 78' lang='grc' dir='ltr'>τὸ</span> <span class='ocrx_word' id='word_1_348' title='bbox 326 3205 467 3258; x_wconf 80' lang='grc' dir='ltr'>πολὺ</span> <span class='ocrx_word' id='word_1_349' title='bbox 507 3205 588 3266; x_wconf 76' lang='grc' dir='ltr'><strong>δὶς</strong></span> <span class='ocrx_word' id='word_1_350' title='bbox 622 3205 743 3275; x_wconf 78' lang='grc' dir='ltr'>ίερὰ</span> <span class='ocrx_word' id='word_1_351' title='bbox 777 3204 1010 3271; x_wconf 73' lang='grc' dir='ltr'>συλῆσαι</span> <span class='ocrx_word' id='word_1_352' title='bbox 1040 3203 1312 3271; x_wconf 69' lang='grc' dir='ltr'>δυνηθεὶς,</span> <span class='ocrx_word' id='word_1_353' title='bbox 1358 3196 1476 3255; x_wconf 76' lang='grc' dir='ltr'>εἶτα</span> <span class='ocrx_word' id='word_1_354' title='bbox 1508 3203 1803 3274; x_wconf 74' lang='grc' dir='ltr'>κρατηθεὶς</span> 
     </span>
    </p>
   </div>
   <div class='ocr_carea' id='block_1_50' title="bbox 218 3295 1798 3366">
    <p class='ocr_par' dir='ltr' id='par_1_50' title="bbox 218 3295 1798 3366">
     <span class='ocr_line' id='line_1_50' title="bbox 218 3295 1798 3366; baseline 0 -17"><span class='ocrx_word' id='word_1_355' title='bbox 218 3298 493 3365; x_wconf 70' lang='grc' dir='ltr'>ἐκολάσθη</span> <span class='ocrx_word' id='word_1_356' title='bbox 529 3298 623 3349; x_wconf 75' lang='grc' dir='ltr'><strong>καὶ</strong></span> <span class='ocrx_word' id='word_1_357' title='bbox 654 3296 1017 3366; x_wconf 70' lang='grc' dir='ltr'>ἐφυλακῐσϐη,</span> <span class='ocrx_word' id='word_1_358' title='bbox 1057 3297 1149 3347; x_wconf 71' lang='grc' dir='ltr'><strong>καὶ</strong></span> <span class='ocrx_word' id='word_1_359' title='bbox 1185 3296 1463 3347; x_wconf 79' lang='grc' dir='ltr'>πέπαυται</span> <span class='ocrx_word' id='word_1_360' title='bbox 1495 3295 1553 3347; x_wconf 74' lang='grc' dir='ltr'><strong>τὸ</strong></span> <span class='ocrx_word' id='word_1_361' title='bbox 1586 3296 1753 3349; x_wconf 83' lang='grc' dir='ltr'>κακόν</span> <span class='ocrx_word' id='word_1_362' title='bbox 1781 3311 1798 3328; x_wconf 79' lang='grc'><strong>⁹</strong></span> 
     </span>
    </p>
   </div>
   <div class='ocr_carea' id='block_1_51' title="bbox 219 3384 1802 3455">
    <p class='ocr_par' dir='ltr' id='par_1_51' title="bbox 219 3384 1802 3455">
     <span class='ocr_line' id='line_1_51' title="bbox 219 3384 1802 3455; baseline 0 -16"><span class='ocrx_word' id='word_1_363' title='bbox 219 3388 457 3441; x_wconf 73' lang='grc' dir='ltr'>ἐνταῦθα</span> <span class='ocrx_word' id='word_1_364' title='bbox 497 3388 552 3440; x_wconf 71' lang='grc' dir='ltr'>δὲ</span> <span class='ocrx_word' id='word_1_365' title='bbox 596 3389 846 3455; x_wconf 81' lang='grc' dir='ltr'>διηνεκὲς</span> <span class='ocrx_word' id='word_1_366' title='bbox 886 3388 947 3439; x_wconf 73' lang='grc' dir='ltr'>τὸ</span> <span class='ocrx_word' id='word_1_367' title='bbox 992 3388 1185 3449; x_wconf 71' lang='grc' dir='ltr'>κακὸν,</span> <span class='ocrx_word' id='word_1_368' title='bbox 1214 3387 1307 3438; x_wconf 72' lang='grc' dir='ltr'><strong>καὶ</strong></span> <span class='ocrx_word' id='word_1_369' title='bbox 1336 3386 1397 3437; x_wconf 72' lang='grc' dir='ltr'>τὸ</span> <span class='ocrx_word' id='word_1_370' title='bbox 1418 3384 1802 3455; x_wconf 78' lang='grc' dir='ltr'>πλημμέλημα</span> 
     </span>
    </p>
   </div>
   <div class='ocr_carea' id='block_1_52' title="bbox 217 3479 1803 3550">
    <p class='ocr_par' dir='ltr' id='par_1_52' title="bbox 217 3479 1803 3550">
     <span class='ocr_line' id='line_1_52' title="bbox 217 3479 1803 3550; baseline 0.001 -19"><span class='ocrx_word' id='word_1_371' title='bbox 217 3480 297 3549; x_wconf 81' lang='grc' dir='ltr'>τῷ</span> <span class='ocrx_word' id='word_1_372' title='bbox 348 3480 451 3550; x_wconf 85' lang='grc' dir='ltr'><strong>βίῳ</strong></span> <span class='ocrx_word' id='word_1_373' title='bbox 503 3482 667 3531; x_wconf 75' lang='grc' dir='ltr'>παντὶ</span> <span class='ocrx_word' id='word_1_374' title='bbox 719 3479 1374 3549; x_wconf 71' lang='grc' dir='ltr'><strong>συμτιιιρεκτεινὸμιενον⁹</strong></span> <span class='ocrx_word' id='word_1_375' title='bbox 1422 3480 1518 3533; x_wconf 77' lang='grc' dir='ltr'><strong>καὶ</strong></span> <span class='ocrx_word' id='word_1_376' title='bbox 1564 3479 1625 3532; x_wconf 81' lang='grc' dir='ltr'><strong>οὐ</strong></span> <span class='ocrx_word' id='word_1_377' title='bbox 1666 3480 1803 3549; x_wconf 72' lang='grc' dir='ltr'>μετὰ</span> 
     </span>
    </p>
   </div>
   <div class='ocr_carea' id='block_1_53' title="bbox 220 3566 1802 3637">
    <p class='ocr_par' dir='ltr' id='par_1_53' title="bbox 220 3566 1802 3637">
     <span class='ocr_line' id='line_1_53' title="bbox 220 3566 1802 3637; baseline -0.001 -16"><span class='ocrx_word' id='word_1_378' title='bbox 220 3568 413 3637; x_wconf 67' lang='grc' dir='ltr'>φόϐου,</span> <span class='ocrx_word' id='word_1_379' title='bbox 450 3569 702 3636; x_wconf 74' lang='grc' dir='ltr'>καθάπερ</span> <span class='ocrx_word' id='word_1_380' title='bbox 735 3570 874 3629; x_wconf 75' lang='grc' dir='ltr'>ἐκεῖ,</span> <span class='ocrx_word' id='word_1_381' title='bbox 910 3568 985 3629; x_wconf 80' lang='grc' dir='ltr'>ὡς</span> <span class='ocrx_word' id='word_1_382' title='bbox 1014 3567 1319 3636; x_wconf 78' lang='grc' dir='ltr'>ἁμάρτημα</span> <span class='ocrx_word' id='word_1_383' title='bbox 1345 3568 1641 3637; x_wconf 86' lang='grc' dir='ltr'>δρώμενον,</span> <span class='ocrx_word' id='word_1_384' title='bbox 1665 3566 1802 3621; x_wconf 79' lang='grc' dir='ltr'>ἀλλὰ</span> 
     </span>
    </p>
   </div>
   <div class='ocr_carea' id='block_1_54' title="bbox 223 3659 1797 3730">
    <p class='ocr_par' dir='ltr' id='par_1_54' title="bbox 223 3659 1797 3730">
     <span class='ocr_line' id='line_1_54' title="bbox 223 3659 1797 3730; baseline 0.001 -18"><span class='ocrx_word' id='word_1_385' title='bbox 223 3660 364 3729; x_wconf 67' lang='grc' dir='ltr'>μετὰ</span> <span class='ocrx_word' id='word_1_386' title='bbox 419 3662 735 3730; x_wconf 68' lang='grc' dir='ltr'>παρρησίας</span> <span class='ocrx_word' id='word_1_387' title='bbox 776 3659 1227 3730; x_wconf 83' lang='grc' dir='ltr'>διενεργούμενον</span> <span class='ocrx_word' id='word_1_388' title='bbox 1281 3662 1356 3722; x_wconf 78' lang='grc' dir='ltr'><strong>ὡς</strong></span> <span class='ocrx_word' id='word_1_389' title='bbox 1388 3660 1797 3729; x_wconf 81' lang='grc' dir='ltr'>ἀναμάρτητον.</span> 
     </span>
    </p>
   </div>
   <div class='ocr_carea' id='block_1_55' title="bbox 220 3748 1801 3823">
    <p class='ocr_par' dir='ltr' id='par_1_55' title="bbox 220 3748 1801 3823">
     <span class='ocr_line' id='line_1_55' title="bbox 220 3748 1801 3823; baseline 0 -19"><span class='ocrx_word' id='word_1_390' title='bbox 220 3753 287 3804; x_wconf 85' lang='grc' dir='ltr'>Τί</span> <span class='ocrx_word' id='word_1_391' title='bbox 325 3748 422 3805; x_wconf 77' lang='grc' dir='ltr'><strong>οὖν</strong></span> <span class='ocrx_word' id='word_1_392' title='bbox 460 3752 839 3821; x_wconf 74' lang='grc' dir='ltr'>κληθήσεταις</span> <span class='ocrx_word' id='word_1_393' title='bbox 874 3750 1192 3815; x_wconf 77' lang='grc' dir='ltr'>πλεονεξιά;</span> <span class='ocrx_word' id='word_1_394' title='bbox 1224 3750 1507 3819; x_wconf 74' lang='grc' dir='ltr'>οῠμενουν.</span> <span class='ocrx_word' id='word_1_395' title='bbox 1544 3754 1655 3823; x_wconf 71' lang='grc' dir='ltr'><strong>Τὴν</strong></span> <span class='ocrx_word' id='word_1_396' title='bbox 1692 3754 1801 3821; x_wconf 72' lang='grc' dir='ltr'>γὰρ</span> 
     </span>
    </p>
   </div>
   <div class='ocr_carea' id='block_1_56' title="bbox 220 3842 1801 3913">
    <p class='ocr_par' dir='ltr' id='par_1_56' title="bbox 220 3842 1801 3913">
     <span class='ocr_line' id='line_1_56' title="bbox 220 3842 1801 3913; baseline -0.001 -18"><span class='ocrx_word' id='word_1_397' title='bbox 220 3845 359 3913; x_wconf 66' lang='grc' dir='ltr'>πρὸς</span> <span class='ocrx_word' id='word_1_398' title='bbox 394 3844 520 3905; x_wconf 73' lang='grc' dir='ltr'>τοὺς</span> <span class='ocrx_word' id='word_1_399' title='bbox 552 3843 879 3911; x_wconf 78' lang='grc' dir='ltr'>ὁμοδούλους</span> <span class='ocrx_word' id='word_1_400' title='bbox 910 3842 1253 3904; x_wconf 78' lang='grc' dir='ltr'>πλεονεξίαν,</span> <span class='ocrx_word' id='word_1_401' title='bbox 1284 3843 1311 3893; x_wconf 83' lang='grc' dir='ltr'>ὁ</span> <span class='ocrx_word' id='word_1_402' title='bbox 1332 3842 1473 3903; x_wconf 81' lang='grc' dir='ltr'>Οεῖος</span> <span class='ocrx_word' id='word_1_403' title='bbox 1503 3842 1801 3906; x_wconf 76' lang='grc' dir='ltr'>ἀπόστολος</span> 
     </span>
    </p>
   </div>
   <div class='ocr_carea' id='block_1_57' title="bbox 222 3935 1800 4005">
    <p class='ocr_par' dir='ltr' id='par_1_57' title="bbox 222 3935 1800 4005">
     <span class='ocr_line' id='line_1_57' title="bbox 222 3935 1800 4005; baseline 0 -18"><span class='ocrx_word' id='word_1_404' title='bbox 222 3936 439 3995; x_wconf 77' lang='grc' dir='ltr'>Παῦλος</span> <span class='ocrx_word' id='word_1_405' title='bbox 471 3936 892 4005; x_wconf 77' lang='grc' dir='ltr'>εἰδωλολατρίαν</span> <span class='ocrx_word' id='word_1_406' title='bbox 922 3937 1183 3988; x_wconf 74' lang='grc' dir='ltr'>ἐκάλεσεν</span> <span class='ocrx_word' id='word_1_407' title='bbox 1207 3954 1218 3966; x_wconf 93' lang='grc'><strong>·</strong></span> <span class='ocrx_word' id='word_1_408' title='bbox 1238 3937 1265 3987; x_wconf 79' lang='grc' dir='ltr'>ὃ</span> <span class='ocrx_word' id='word_1_409' title='bbox 1302 3936 1394 3989; x_wconf 84' lang='grc' dir='ltr'>καὶ</span> <span class='ocrx_word' id='word_1_410' title='bbox 1433 3935 1751 4004; x_wconf 80' lang='grc' dir='ltr'>ἑρμηνεύων</span> <span class='ocrx_word' id='word_1_411' title='bbox 1772 3936 1800 3987; x_wconf 85' lang='grc' dir='ltr'>ὁ</span> 
     </span>
    </p>
   </div>
   <div class='ocr_carea' id='block_1_58' title="bbox 221 4024 1798 4097">
    <p class='ocr_par' dir='ltr' id='par_1_58' title="bbox 221 4024 1798 4097">
     <span class='ocr_line' id='line_1_58' title="bbox 221 4024 1798 4097; baseline 0 -20"><span class='ocrx_word' id='word_1_412' title='bbox 221 4027 364 4089; x_wconf 51' lang='lat' dir='ltr'><strong>Otto;</strong></span> <span class='ocrx_word' id='word_1_413' title='bbox 392 4027 804 4097; x_wconf 80' lang='grc' dir='ltr'>Χρυσόστομος,</span> <span class='ocrx_word' id='word_1_414' title='bbox 837 4024 1106 4093; x_wconf 76' lang='grc' dir='ltr'>πολλαχοῦ</span> <span class='ocrx_word' id='word_1_415' title='bbox 1136 4041 1192 4076; x_wconf 87' lang='grc' dir='ltr'><strong>τε</strong></span> <span class='ocrx_word' id='word_1_416' title='bbox 1221 4026 1315 4078; x_wconf 69' lang='grc' dir='ltr'>καὶ</span> <span class='ocrx_word' id='word_1_417' title='bbox 1342 4028 1399 4077; x_wconf 84' lang='grc' dir='ltr'><strong>ἐν</strong></span> <span class='ocrx_word' id='word_1_418' title='bbox 1425 4026 1500 4094; x_wconf 76' lang='grc' dir='ltr'><strong>τῷ</strong></span> <span class='ocrx_word' id='word_1_419' title='bbox 1529 4026 1798 4077; x_wconf 75' lang='grc' dir='ltr'>ὀκτωκαι-</span> 
     </span>
    </p>
   </div>
   <div class='ocr_carea' id='block_1_59' title="bbox 220 4114 1800 4187">
    <p class='ocr_par' dir='ltr' id='par_1_59' title="bbox 220 4114 1800 4187">
     <span class='ocr_line' id='line_1_59' title="bbox 220 4114 1800 4187; baseline -0.002 -17"><span class='ocrx_word' id='word_1_420' title='bbox 220 4118 436 4185; x_wconf 79' lang='grc' dir='ltr'>δεκάτῳ</span> <span class='ocrx_word' id='word_1_421' title='bbox 464 4119 603 4184; x_wconf 83' lang='grc' dir='ltr'>λόγῳ</span> <span class='ocrx_word' id='word_1_422' title='bbox 616 4121 717 4186; x_wconf 80' lang='grc' dir='ltr'>τῆς</span> <span class='ocrx_word' id='word_1_423' title='bbox 741 4118 875 4187; x_wconf 74' lang='grc' dir='ltr'>πρὸς</span> <span class='ocrx_word' id='word_1_424' title='bbox 895 4114 1174 4184; x_wconf 76' lang='grc' dir='ltr'>Ἐφεσίους</span> <span class='ocrx_word' id='word_1_425' title='bbox 1212 4115 1553 4182; x_wconf 80' lang='grc' dir='ltr'>Ἐπιστολῆς,</span> <span class='ocrx_word' id='word_1_426' title='bbox 1577 4117 1667 4167; x_wconf 64' lang='grc' dir='ltr'><strong>καὶ</strong></span> <span class='ocrx_word' id='word_1_427' title='bbox 1692 4118 1800 4185; x_wconf 81' lang='grc' dir='ltr'>χεῖ-</span> 
     </span>
    </p>
   </div>
   <div class='ocr_carea' id='block_1_60' title="bbox 228 4202 1799 4278">
    <p class='ocr_par' dir='ltr' id='par_1_60' title="bbox 228 4202 1799 4278">
     <span class='ocr_line' id='line_1_60' title="bbox 228 4202 1799 4278; baseline -0.001 -18"><span class='ocrx_word' id='word_1_428' title='bbox 228 4226 319 4276; x_wconf 90' lang='grc' dir='ltr'><strong>ρον</strong></span> <span class='ocrx_word' id='word_1_429' title='bbox 370 4208 792 4278; x_wconf 77' lang='grc' dir='ltr'>εἰδωλολατρίας</span> <span class='ocrx_word' id='word_1_430' title='bbox 847 4206 1153 4271; x_wconf 78' lang='grc' dir='ltr'>ἀπέδειξεν.</span> <span class='ocrx_word' id='word_1_431' title='bbox 1206 4206 1268 4256; x_wconf 82' lang='grc' dir='ltr'><strong>Εἰ</strong></span> <span class='ocrx_word' id='word_1_432' title='bbox 1312 4202 1404 4257; x_wconf 64' lang='grc' dir='ltr'><strong>οὖν</strong></span> <span class='ocrx_word' id='word_1_433' title='bbox 1447 4207 1645 4275; x_wconf 64' lang='grc' dir='ltr'>ἡπρὸς</span> <span class='ocrx_word' id='word_1_434' title='bbox 1675 4208 1799 4269; x_wconf 80' lang='grc' dir='ltr'>τοὺς</span> 
     </span>
    </p>
   </div>
   <div class='ocr_carea' id='block_1_61' title="bbox 223 4296 1799 4369">
    <p class='ocr_par' dir='ltr' id='par_1_61' title="bbox 223 4296 1799 4369">
     <span class='ocr_line' id='line_1_61' title="bbox 223 4296 1799 4369; baseline -0.001 -20"><span class='ocrx_word' id='word_1_435' title='bbox 223 4298 552 4367; x_wconf 77' lang='grc' dir='ltr'>ὁμοδούλους</span> <span class='ocrx_word' id='word_1_436' title='bbox 583 4300 893 4365; x_wconf 75' lang='grc' dir='ltr'>πλεονεξία,</span> <span class='ocrx_word' id='word_1_437' title='bbox 933 4300 1320 4369; x_wconf 78' lang='grc' dir='ltr'>εἰδωλολατρία</span> <span class='ocrx_word' id='word_1_438' title='bbox 1354 4300 1521 4350; x_wconf 77' lang='grc' dir='ltr'>ἐστίν.</span> <span class='ocrx_word' id='word_1_439' title='bbox 1571 4296 1635 4349; x_wconf 84' lang='lat' dir='ltr'><strong>&#39;ll</strong></span> <span class='ocrx_word' id='word_1_440' title='bbox 1666 4298 1799 4368; x_wconf 69' lang='grc' dir='ltr'>πρὸς</span> 
     </span>
    </p>
   </div>
   <div class='ocr_carea' id='block_1_62' title="bbox 221 4389 1798 4460">
    <p class='ocr_par' dir='ltr' id='par_1_62' title="bbox 221 4389 1798 4460">
     <span class='ocr_line' id='line_1_62' title="bbox 221 4389 1798 4460; baseline -0.001 -19"><span class='ocrx_word' id='word_1_441' title='bbox 221 4389 355 4442; x_wconf 63' lang='grc' dir='ltr'>Θεὸν</span> <span class='ocrx_word' id='word_1_442' title='bbox 398 4390 777 4454; x_wconf 76' lang='grc' dir='ltr'>διαϐαίνουσα,</span> <span class='ocrx_word' id='word_1_443' title='bbox 824 4394 879 4443; x_wconf 90' lang='grc' dir='ltr'><strong>τί</strong></span> <span class='ocrx_word' id='word_1_444' title='bbox 921 4392 1052 4446; x_wconf 81' lang='grc' dir='ltr'>ἄλλο</span> <span class='ocrx_word' id='word_1_445' title='bbox 1088 4393 1553 4459; x_wconf 75' lang='grc' dir='ltr'>ὀνομασθησεται,</span> <span class='ocrx_word' id='word_1_446' title='bbox 1614 4390 1661 4441; x_wconf 78' lang='grc' dir='ltr'><strong>εί</strong></span> <span class='ocrx_word' id='word_1_447' title='bbox 1722 4390 1798 4460; x_wconf 78' lang='grc' dir='ltr'>μὴ</span> 
     </span>
    </p>
   </div>
   <div class='ocr_carea' id='block_1_63' title="bbox 221 4481 1800 4554">
    <p class='ocr_par' dir='ltr' id='par_1_63' title="bbox 221 4481 1800 4554">
     <span class='ocr_line' id='line_1_63' title="bbox 221 4481 1800 4554; baseline 0.002 -20"><span class='ocrx_word' id='word_1_448' title='bbox 221 4481 473 4547; x_wconf 68' lang='lat' dir='ltr'><strong>actem;</strong></span> <span class='ocrx_word' id='word_1_449' title='bbox 509 4483 567 4534; x_wconf 84' lang='grc' dir='ltr'>Εί</span> <span class='ocrx_word' id='word_1_450' title='bbox 603 4483 711 4554; x_wconf 67' lang='grc' dir='ltr'>γὰρ</span> <span class='ocrx_word' id='word_1_451' title='bbox 740 4486 767 4535; x_wconf 83' lang='grc' dir='ltr'>ὁ</span> <span class='ocrx_word' id='word_1_452' title='bbox 795 4483 853 4535; x_wconf 76' lang='grc' dir='ltr'>ἓν</span> <span class='ocrx_word' id='word_1_453' title='bbox 892 4502 949 4537; x_wconf 90' lang='grc' dir='ltr'><strong>τι</strong></span> <span class='ocrx_word' id='word_1_454' title='bbox 984 4484 1091 4536; x_wconf 84' lang='grc' dir='ltr'>τῶν</span> <span class='ocrx_word' id='word_1_455' title='bbox 1132 4485 1295 4537; x_wconf 82' lang='grc' dir='ltr'>Οείων</span> <span class='ocrx_word' id='word_1_456' title='bbox 1335 4482 1483 4545; x_wconf 64' lang='lat' dir='ltr'><strong>ama</strong></span> <span class='ocrx_word' id='word_1_457' title='bbox 1535 4483 1800 4549; x_wconf 81' lang='grc' dir='ltr'>κοινώσας</span> 
     </span>
    </p>
   </div>
   <div class='ocr_carea' id='block_1_64' title="bbox 1906 2001 3483 2073">
    <p class='ocr_par' dir='ltr' id='par_1_64' title="bbox 1906 2001 3483 2073">
     <span class='ocr_line' id='line_1_64' title="bbox 1906 2001 3483 2073; baseline 0.005 -22"><span class='ocrx_word' id='word_1_458' title='bbox 1906 2012 2181 2067; x_wconf 85' lang='lat' dir='ltr'><strong>nunquam</strong></span> <span class='ocrx_word' id='word_1_459' title='bbox 2252 2001 2586 2056; x_wconf 89' lang='lat' dir='ltr'><strong>desinentem</strong></span> <span class='ocrx_word' id='word_1_460' title='bbox 2653 2001 2841 2057; x_wconf 91' lang='lat' dir='ltr'><strong>dicunt</strong></span> <span class='ocrx_word' id='word_1_461' title='bbox 2905 2002 3177 2072; x_wconf 78' lang='lat' dir='ltr'><strong>gloriam;</strong></span> <span class='ocrx_word' id='word_1_462' title='bbox 3246 2019 3483 2073; x_wconf 88' lang='lat' dir='ltr'><strong>eumque</strong></span> 
     </span>
    </p>
   </div>
   <div class='ocr_carea' id='block_1_65' title="bbox 1906 2084 3474 2164">
    <p class='ocr_par' dir='ltr' id='par_1_65' title="bbox 1906 2084 3474 2164">
     <span class='ocr_line' id='line_1_65' title="bbox 1906 2084 3474 2164; baseline 0.003 -19"><span class='ocrx_word' id='word_1_463' title='bbox 1906 2090 1957 2145; x_wconf 91' lang='lat' dir='ltr'><strong>iu</strong></span> <span class='ocrx_word' id='word_1_464' title='bbox 2007 2092 2184 2148; x_wconf 88' lang='lat' dir='ltr'><strong>medio</strong></span> <span class='ocrx_word' id='word_1_465' title='bbox 2228 2084 2314 2148; x_wconf 77' lang='lat' dir='ltr'><strong>sui</strong></span> <span class='ocrx_word' id='word_1_466' title='bbox 2372 2108 2587 2164; x_wconf 87' lang='lat' dir='ltr'><strong>semper</strong></span> <span class='ocrx_word' id='word_1_467' title='bbox 2622 2094 2844 2164; x_wconf 87' lang='lat' dir='ltr'><strong>habent,</strong></span> <span class='ocrx_word' id='word_1_468' title='bbox 2905 2095 3057 2163; x_wconf 78' lang='lat' dir='ltr'><strong>juxta</strong></span> <span class='ocrx_word' id='word_1_469' title='bbox 3111 2096 3474 2151; x_wconf 82' lang='lat' dir='ltr'><strong>certissimam</strong></span> 
     </span>
    </p>
   </div>
   <div class='ocr_carea' id='block_1_66' title="bbox 1905 2180 3477 2253">
    <p class='ocr_par' dir='ltr' id='par_1_66' title="bbox 1905 2180 3477 2253">
     <span class='ocr_line' id='line_1_66' title="bbox 1905 2180 3477 2253; baseline 0.003 -17"><span class='ocrx_word' id='word_1_470' title='bbox 1905 2180 2257 2251; x_wconf 77' lang='lat' dir='ltr'><strong>divinumque</strong></span> <span class='ocrx_word' id='word_1_471' title='bbox 2318 2182 2489 2251; x_wconf 90' lang='lat' dir='ltr'><strong>ipsius</strong></span> <span class='ocrx_word' id='word_1_472' title='bbox 2534 2184 2998 2253; x_wconf 89' lang='lat' dir='ltr'><strong>promissionem:</strong></span> <span class='ocrx_word' id='word_1_473' title='bbox 3047 2182 3150 2240; x_wconf 87' lang='lat' dir='ltr'><strong>Ubi</strong></span> <span class='ocrx_word' id='word_1_474' title='bbox 3179 2187 3316 2241; x_wconf 82' lang='lat' dir='ltr'><strong>enim</strong></span> <span class='ocrx_word' id='word_1_475' title='bbox 3355 2196 3477 2240; x_wconf 71' lang='lat' dir='ltr'><strong>sunt</strong></span> 
     </span>
    </p>
   </div>
   <div class='ocr_carea' id='block_1_67' title="bbox 1905 2276 3481 2349">
    <p class='ocr_par' dir='ltr' id='par_1_67' title="bbox 1905 2276 3481 2349">
     <span class='ocr_line' id='line_1_67' title="bbox 1905 2276 3481 2349; baseline 0.004 -22"><span class='ocrx_word' id='word_1_476' title='bbox 1905 2276 2011 2327; x_wconf 87' lang='lat' dir='ltr'><strong>duo</strong></span> <span class='ocrx_word' id='word_1_477' title='bbox 2062 2276 2142 2329; x_wconf 78' lang='lat' dir='ltr'><strong>vel</strong></span> <span class='ocrx_word' id='word_1_478' title='bbox 2172 2284 2277 2329; x_wconf 73' lang='lat' dir='ltr'><strong>tres</strong></span> <span class='ocrx_word' id='word_1_479' title='bbox 2327 2278 2628 2347; x_wconf 79' lang='lat' dir='ltr'><strong>congregati</strong></span> <span class='ocrx_word' id='word_1_480' title='bbox 2661 2278 2715 2331; x_wconf 86' lang='lat' dir='ltr'><strong>in</strong></span> <span class='ocrx_word' id='word_1_481' title='bbox 2747 2279 2955 2333; x_wconf 83' lang='lat' dir='ltr'><strong>nomine</strong></span> <span class='ocrx_word' id='word_1_482' title='bbox 2998 2295 3133 2343; x_wconf 86' lang='lat' dir='ltr'><strong>meo,</strong></span> <span class='ocrx_word' id='word_1_483' title='bbox 3170 2279 3367 2349; x_wconf 88' lang='lat' dir='ltr'><strong>inquit,</strong></span> <span class='ocrx_word' id='word_1_484' title='bbox 3403 2279 3481 2333; x_wconf 87' lang='lat' dir='ltr'><strong>ibi</strong></span> 
     </span>
    </p>
   </div>
   <div class='ocr_carea' id='block_1_68' title="bbox 1906 2366 3487 2441">
    <p class='ocr_par' dir='ltr' id='par_1_68' title="bbox 1906 2366 3487 2441">
     <span class='ocr_line' id='line_1_68' title="bbox 1906 2366 3487 2441; baseline 0.004 -22"><span class='ocrx_word' id='word_1_485' title='bbox 1906 2382 2019 2419; x_wconf 74' lang='lat' dir='ltr'><strong>sum</strong></span> <span class='ocrx_word' id='word_1_486' title='bbox 2043 2367 2098 2419; x_wconf 88' lang='lat' dir='ltr'><strong>in</strong></span> <span class='ocrx_word' id='word_1_487' title='bbox 2131 2366 2303 2420; x_wconf 83' lang='lat' dir='ltr'><strong>medio</strong></span> <span class='ocrx_word' id='word_1_488' title='bbox 2330 2384 2509 2421; x_wconf 81' lang='lat' dir='ltr'><strong>eorum</strong></span> <span class='ocrx_word' id='word_1_489' title='bbox 2548 2371 2613 2423; x_wconf 76' lang='lat'><strong>&#39;°.</strong></span> <span class='ocrx_word' id='word_1_490' title='bbox 2668 2370 2748 2424; x_wconf 84' lang='lat' dir='ltr'><strong>Ad</strong></span> <span class='ocrx_word' id='word_1_491' title='bbox 2781 2369 2894 2425; x_wconf 66' lang='lat' dir='ltr'><strong>haec</strong></span> <span class='ocrx_word' id='word_1_492' title='bbox 2925 2370 3069 2425; x_wconf 87' lang='lat' dir='ltr'><strong>sacri</strong></span> <span class='ocrx_word' id='word_1_493' title='bbox 3122 2371 3371 2441; x_wconf 88' lang='lat' dir='ltr'><strong>variique</strong></span> <span class='ocrx_word' id='word_1_494' title='bbox 3400 2384 3487 2426; x_wconf 90' lang='lat' dir='ltr'><strong>re-</strong></span> 
     </span>
    </p>
   </div>
   <div class='ocr_carea' id='block_1_69' title="bbox 1909 2460 3484 2533">
    <p class='ocr_par' dir='ltr' id='par_1_69' title="bbox 1909 2460 3484 2533">
     <span class='ocr_line' id='line_1_69' title="bbox 1909 2460 3484 2533; baseline 0.003 -19"><span class='ocrx_word' id='word_1_495' title='bbox 1909 2460 2079 2525; x_wconf 90' lang='lat' dir='ltr'><strong>ditus,</strong></span> <span class='ocrx_word' id='word_1_496' title='bbox 2112 2462 2297 2516; x_wconf 90' lang='lat' dir='ltr'><strong>multis</strong></span> <span class='ocrx_word' id='word_1_497' title='bbox 2336 2462 2510 2516; x_wconf 83' lang='lat' dir='ltr'><strong>modis</strong></span> <span class='ocrx_word' id='word_1_498' title='bbox 2559 2462 2799 2528; x_wconf 88' lang='lat' dir='ltr'><strong>collecti,</strong></span> <span class='ocrx_word' id='word_1_499' title='bbox 2836 2464 2903 2517; x_wconf 90' lang='lat' dir='ltr'><strong>ad</strong></span> <span class='ocrx_word' id='word_1_500' title='bbox 2938 2462 3328 2533; x_wconf 73' lang='lat' dir='ltr'><strong>praedictorum</strong></span> <span class='ocrx_word' id='word_1_501' title='bbox 3346 2480 3484 2519; x_wconf 85' lang='lat' dir='ltr'><strong>con-</strong></span> 
     </span>
    </p>
   </div>
   <div class='ocr_carea' id='block_1_70' title="bbox 1906 2552 3482 2634">
    <p class='ocr_par' dir='ltr' id='par_1_70' title="bbox 1906 2552 3482 2634">
     <span class='ocr_line' id='line_1_70' title="bbox 1906 2552 3482 2634; baseline 0.003 -28"><span class='ocrx_word' id='word_1_502' title='bbox 1906 2552 2233 2617; x_wconf 88' lang='lat' dir='ltr'><strong>sistentiam,</strong></span> <span class='ocrx_word' id='word_1_503' title='bbox 2318 2554 2760 2622; x_wconf 88' lang='lat' dir='ltr'><strong>permansiouem</strong></span> <span class='ocrx_word' id='word_1_504' title='bbox 2838 2564 2890 2610; x_wconf 89' lang='lat' dir='ltr'><strong>et</strong></span> <span class='ocrx_word' id='word_1_505' title='bbox 2946 2556 3482 2634; x_wconf 79' lang='lat' dir='ltr'><strong>administrationem</strong></span> 
     </span>
    </p>
   </div>
   <div class='ocr_carea' id='block_1_71' title="bbox 1907 2645 3480 2713">
    <p class='ocr_par' dir='ltr' id='par_1_71' title="bbox 1907 2645 3480 2713">
     <span class='ocr_line' id='line_1_71' title="bbox 1907 2645 3480 2713; baseline 0.002 -15"><span class='ocrx_word' id='word_1_506' title='bbox 1907 2645 2102 2707; x_wconf 85' lang='lat' dir='ltr'><strong>coacti,</strong></span> <span class='ocrx_word' id='word_1_507' title='bbox 2137 2656 2298 2710; x_wconf 87' lang='lat' dir='ltr'><strong>atque</strong></span> <span class='ocrx_word' id='word_1_508' title='bbox 2330 2660 2359 2698; x_wconf 90' lang='lat' dir='ltr'><strong>a</strong></span> <span class='ocrx_word' id='word_1_509' title='bbox 2409 2645 2583 2699; x_wconf 83' lang='lat' dir='ltr'><strong>beatis</strong></span> <span class='ocrx_word' id='word_1_510' title='bbox 2634 2648 3041 2713; x_wconf 79' lang='lat' dir='ltr'><strong>possessoribus</strong></span> <span class='ocrx_word' id='word_1_511' title='bbox 3075 2647 3143 2701; x_wconf 84' lang='lat' dir='ltr'><strong>ad</strong></span> <span class='ocrx_word' id='word_1_512' title='bbox 3199 2650 3300 2702; x_wconf 90' lang='lat' dir='ltr'><strong>hoc</strong></span> <span class='ocrx_word' id='word_1_513' title='bbox 3343 2662 3480 2702; x_wconf 87' lang='lat' dir='ltr'><strong>con-</strong></span> 
     </span>
    </p>
   </div>
   <div class='ocr_carea' id='block_1_72' title="bbox 1907 2729 3485 2806">
    <p class='ocr_par' dir='ltr' id='par_1_72' title="bbox 1907 2729 3485 2806">
     <span class='ocr_line' id='line_1_72' title="bbox 1907 2729 3485 2806; baseline 0.004 -21"><span class='ocrx_word' id='word_1_514' title='bbox 1907 2730 2129 2786; x_wconf 89' lang='lat' dir='ltr'><strong>secrati.</strong></span> <span class='ocrx_word' id='word_1_515' title='bbox 2162 2729 2287 2786; x_wconf 74' lang='lat' dir='ltr'><strong>ilazc</strong></span> <span class='ocrx_word' id='word_1_516' title='bbox 2325 2746 2453 2802; x_wconf 80' lang='lat' dir='ltr'><strong>ergo</strong></span> <span class='ocrx_word' id='word_1_517' title='bbox 2477 2735 2659 2789; x_wconf 85' lang='lat' dir='ltr'><strong>omnia</strong></span> <span class='ocrx_word' id='word_1_518' title='bbox 2683 2748 2839 2789; x_wconf 85' lang='lat' dir='ltr'><strong>sacra</strong></span> <span class='ocrx_word' id='word_1_519' title='bbox 2871 2737 3160 2806; x_wconf 83' lang='lat' dir='ltr'><strong>divinaque</strong></span> <span class='ocrx_word' id='word_1_520' title='bbox 3198 2753 3318 2806; x_wconf 65' lang='lat' dir='ltr'><strong>quae</strong></span> <span class='ocrx_word' id='word_1_521' title='bbox 3353 2748 3485 2793; x_wconf 87' lang='lat' dir='ltr'><strong>sunt.</strong></span> 
     </span>
    </p>
   </div>
   <div class='ocr_carea' id='block_1_73' title="bbox 1909 2823 3483 2898">
    <p class='ocr_par' dir='ltr' id='par_1_73' title="bbox 1909 2823 3483 2898">
     <span class='ocr_line' id='line_1_73' title="bbox 1909 2823 3483 2898; baseline 0.006 -23"><span class='ocrx_word' id='word_1_522' title='bbox 1909 2823 2273 2893; x_wconf 75' lang='lat' dir='ltr'><strong>dieunturqu’e</strong></span> <span class='ocrx_word' id='word_1_523' title='bbox 2317 2826 2665 2890; x_wconf 85' lang='lat' dir='ltr'><strong>monasteria,</strong></span> <span class='ocrx_word' id='word_1_524' title='bbox 2706 2829 2796 2898; x_wconf 88' lang='lat' dir='ltr'><strong>qui</strong></span> <span class='ocrx_word' id='word_1_525' title='bbox 2825 2844 2853 2883; x_wconf 89' lang='lat' dir='ltr'><strong>a</strong></span> <span class='ocrx_word' id='word_1_526' title='bbox 2886 2829 2999 2883; x_wconf 89' lang='lat' dir='ltr'><strong>Deo</strong></span> <span class='ocrx_word' id='word_1_527' title='bbox 3027 2828 3280 2884; x_wconf 83' lang='lat' dir='ltr'><strong>auferunt</strong></span> <span class='ocrx_word' id='word_1_528' title='bbox 3314 2831 3483 2885; x_wconf 86' lang='lat' dir='ltr'><strong>conli-</strong></span> 
     </span>
    </p>
   </div>
   <div class='ocr_carea' id='block_1_74' title="bbox 1906 2918 3482 2992">
    <p class='ocr_par' dir='ltr' id='par_1_74' title="bbox 1906 2918 3482 2992">
     <span class='ocr_line' id='line_1_74' title="bbox 1906 2918 3482 2992; baseline 0.005 -23"><span class='ocrx_word' id='word_1_529' title='bbox 1906 2918 2117 2980; x_wconf 73' lang='lat' dir='ltr'><strong>deuter,</strong></span> <span class='ocrx_word' id='word_1_530' title='bbox 2148 2928 2204 2973; x_wconf 90' lang='lat' dir='ltr'><strong>et</strong></span> <span class='ocrx_word' id='word_1_531' title='bbox 2240 2919 2445 2974; x_wconf 86' lang='lat' dir='ltr'><strong>homini</strong></span> <span class='ocrx_word' id='word_1_532' title='bbox 2471 2936 2568 2990; x_wconf 91' lang='lat' dir='ltr'><strong>per</strong></span> <span class='ocrx_word' id='word_1_533' title='bbox 2609 2922 3159 2991; x_wconf 76' lang='lat' dir='ltr'><strong>donum-subjiciunt,</strong></span> <span class='ocrx_word' id='word_1_534' title='bbox 3207 2924 3482 2992; x_wconf 86' lang='lat' dir='ltr'><strong>quodnam</strong></span> 
     </span>
    </p>
   </div>
   <div class='ocr_carea' id='block_1_75' title="bbox 1905 3011 3481 3084">
    <p class='ocr_par' dir='ltr' id='par_1_75' title="bbox 1905 3011 3481 3084">
     <span class='ocr_line' id='line_1_75' title="bbox 1905 3011 3481 3084; baseline 0.004 -19"><span class='ocrx_word' id='word_1_535' title='bbox 1905 3011 2257 3066; x_wconf 88' lang='lat' dir='ltr'><strong>committunt</strong></span> <span class='ocrx_word' id='word_1_536' title='bbox 2312 3024 2595 3083; x_wconf 84' lang='lat' dir='ltr'><strong>peccatum</strong></span> <span class='ocrx_word' id='word_1_537' title='bbox 2620 3013 2643 3067; x_wconf 75' lang='grc' dir='ltr'>’ί</span> <span class='ocrx_word' id='word_1_538' title='bbox 2674 3013 3076 3084; x_wconf 78' lang='lat' dir='ltr'><strong>Sacrilegium?</strong></span> <span class='ocrx_word' id='word_1_539' title='bbox 3105 3013 3481 3084; x_wconf 76' lang='lat' dir='ltr'><strong>Nequaquam.</strong></span> 
     </span>
    </p>
   </div>
   <div class='ocr_carea' id='block_1_76' title="bbox 1909 3100 3480 3175">
    <p class='ocr_par' dir='ltr' id='par_1_76' title="bbox 1909 3100 3480 3175">
     <span class='ocr_line' id='line_1_76' title="bbox 1909 3100 3480 3175; baseline 0.003 -20"><span class='ocrx_word' id='word_1_540' title='bbox 1909 3100 2223 3171; x_wconf 79' lang='lat' dir='ltr'><strong>Sacrilegus</strong></span> <span class='ocrx_word' id='word_1_541' title='bbox 2256 3106 2399 3157; x_wconf 86' lang='lat' dir='ltr'><strong>enim</strong></span> <span class='ocrx_word' id='word_1_542' title='bbox 2455 3113 2743 3175; x_wconf 84' lang='lat' dir='ltr'><strong>pOStquam</strong></span> <span class='ocrx_word' id='word_1_543' title='bbox 2773 3105 2939 3160; x_wconf 85' lang='lat' dir='ltr'><strong>semel</strong></span> <span class='ocrx_word' id='word_1_544' title='bbox 2987 3115 3082 3161; x_wconf 83' lang='lat' dir='ltr'><strong>aut</strong></span> <span class='ocrx_word' id='word_1_545' title='bbox 3130 3108 3197 3159; x_wconf 86' lang='lat' dir='ltr'><strong>ad</strong></span> <span class='ocrx_word' id='word_1_546' title='bbox 3254 3107 3480 3159; x_wconf 85' lang='lat' dir='ltr'><strong>multum</strong></span> 
     </span>
    </p>
   </div>
   <div class='ocr_carea' id='block_1_77' title="bbox 1908 3194 3477 3267">
    <p class='ocr_par' dir='ltr' id='par_1_77' title="bbox 1908 3194 3477 3267">
     <span class='ocr_line' id='line_1_77' title="bbox 1908 3194 3477 3267; baseline 0.001 -19"><span class='ocrx_word' id='word_1_547' title='bbox 1908 3194 1988 3249; x_wconf 91' lang='lat' dir='ltr'><strong>bis</strong></span> <span class='ocrx_word' id='word_1_548' title='bbox 2020 3210 2174 3249; x_wconf 82' lang='lat' dir='ltr'><strong>sacra</strong></span> <span class='ocrx_word' id='word_1_549' title='bbox 2238 3198 2468 3264; x_wconf 67' lang='lat' dir='ltr'><strong>prmdari</strong></span> <span class='ocrx_word' id='word_1_550' title='bbox 2506 3198 2703 3267; x_wconf 90' lang='lat' dir='ltr'><strong>potuit,</strong></span> <span class='ocrx_word' id='word_1_551' title='bbox 2737 3207 2920 3266; x_wconf 86' lang='lat' dir='ltr'><strong>postea</strong></span> <span class='ocrx_word' id='word_1_552' title='bbox 2972 3198 3477 3267; x_wconf 71' lang='lat' dir='ltr'><strong>eompreheususiu</strong></span> 
     </span>
    </p>
   </div>
   <div class='ocr_carea' id='block_1_78' title="bbox 1905 3287 3477 3357">
    <p class='ocr_par' dir='ltr' id='par_1_78' title="bbox 1905 3287 3477 3357">
     <span class='ocr_line' id='line_1_78' title="bbox 1905 3287 3477 3357; baseline 0.004 -20"><span class='ocrx_word' id='word_1_553' title='bbox 1905 3297 2179 3338; x_wconf 89' lang='lat' dir='ltr'><strong>carcerem</strong></span> <span class='ocrx_word' id='word_1_554' title='bbox 2213 3287 2413 3341; x_wconf 84' lang='lat' dir='ltr'><strong>missus</strong></span> <span class='ocrx_word' id='word_1_555' title='bbox 2461 3296 2545 3341; x_wconf 90' lang='lat' dir='ltr'><strong>est</strong></span> <span class='ocrx_word' id='word_1_556' title='bbox 2569 3302 2633 3342; x_wconf 85' lang='lat' dir='ltr'><strong>ac</strong></span> <span class='ocrx_word' id='word_1_557' title='bbox 2664 3289 2903 3355; x_wconf 88' lang='lat' dir='ltr'><strong>punitus,</strong></span> <span class='ocrx_word' id='word_1_558' title='bbox 2945 3289 3214 3357; x_wconf 87' lang='lat' dir='ltr'><strong>desiitque</strong></span> <span class='ocrx_word' id='word_1_559' title='bbox 3242 3289 3477 3343; x_wconf 88' lang='lat' dir='ltr'><strong>malum:</strong></span> 
     </span>
    </p>
   </div>
   <div class='ocr_carea' id='block_1_79' title="bbox 1905 3376 3481 3450">
    <p class='ocr_par' dir='ltr' id='par_1_79' title="bbox 1905 3376 3481 3450">
     <span class='ocr_line' id='line_1_79' title="bbox 1905 3376 3481 3450; baseline 0.004 -21"><span class='ocrx_word' id='word_1_560' title='bbox 1905 3376 1993 3431; x_wconf 92' lang='lat' dir='ltr'><strong>hic</strong></span> <span class='ocrx_word' id='word_1_561' title='bbox 2026 3387 2206 3431; x_wconf 90' lang='lat' dir='ltr'><strong>autem</strong></span> <span class='ocrx_word' id='word_1_562' title='bbox 2240 3388 2558 3448; x_wconf 85' lang='lat' dir='ltr'><strong>perpetuum</strong></span> <span class='ocrx_word' id='word_1_563' title='bbox 2606 3390 2688 3434; x_wconf 87' lang='lat' dir='ltr'><strong>est</strong></span> <span class='ocrx_word' id='word_1_564' title='bbox 2720 3381 2945 3447; x_wconf 89' lang='lat' dir='ltr'><strong>malum,</strong></span> <span class='ocrx_word' id='word_1_565' title='bbox 3004 3390 3059 3435; x_wconf 86' lang='lat' dir='ltr'><strong>et</strong></span> <span class='ocrx_word' id='word_1_566' title='bbox 3089 3382 3344 3435; x_wconf 86' lang='lat' dir='ltr'><strong>delictum</strong></span> <span class='ocrx_word' id='word_1_567' title='bbox 3384 3396 3481 3450; x_wconf 91' lang='lat' dir='ltr'><strong>per</strong></span> 
     </span>
    </p>
   </div>
   <div class='ocr_carea' id='block_1_80' title="bbox 1908 3469 3477 3541">
    <p class='ocr_par' dir='ltr' id='par_1_80' title="bbox 1908 3469 3477 3541">
     <span class='ocr_line' id='line_1_80' title="bbox 1908 3469 3477 3541; baseline 0.001 -18"><span class='ocrx_word' id='word_1_568' title='bbox 1908 3478 2070 3523; x_wconf 89' lang='lat' dir='ltr'><strong>totam</strong></span> <span class='ocrx_word' id='word_1_569' title='bbox 2089 3469 2254 3523; x_wconf 86' lang='lat' dir='ltr'><strong>vitam</strong></span> <span class='ocrx_word' id='word_1_570' title='bbox 2289 3480 2598 3536; x_wconf 89' lang='lat' dir='ltr'><strong>protensum</strong></span> <span class='ocrx_word' id='word_1_571' title='bbox 2628 3488 2641 3537; x_wconf 92' lang='lat'><strong>;</strong></span> <span class='ocrx_word' id='word_1_572' title='bbox 2691 3486 2861 3540; x_wconf 88' lang='lat' dir='ltr'><strong>neque</strong></span> <span class='ocrx_word' id='word_1_573' title='bbox 2892 3487 3015 3525; x_wconf 91' lang='lat' dir='ltr'><strong>cum</strong></span> <span class='ocrx_word' id='word_1_574' title='bbox 3043 3472 3260 3540; x_wconf 78' lang='lat' dir='ltr'><strong>timore,</strong></span> <span class='ocrx_word' id='word_1_575' title='bbox 3290 3486 3477 3541; x_wconf 84' lang='lat' dir='ltr'><strong>quem-</strong></span> 
     </span>
    </p>
   </div>
   <div class='ocr_carea' id='block_1_81' title="bbox 1902 3560 3476 3635">
    <p class='ocr_par' dir='ltr' id='par_1_81' title="bbox 1902 3560 3476 3635">
     <span class='ocr_line' id='line_1_81' title="bbox 1902 3560 3476 3635; baseline 0.003 -22"><span class='ocrx_word' id='word_1_576' title='bbox 1902 3560 2190 3615; x_wconf 87' lang='lat' dir='ltr'><strong>admodum</strong></span> <span class='ocrx_word' id='word_1_577' title='bbox 2263 3562 2392 3626; x_wconf 89' lang='lat' dir='ltr'><strong>illic,</strong></span> <span class='ocrx_word' id='word_1_578' title='bbox 2460 3563 2630 3617; x_wconf 86' lang='lat' dir='ltr'><strong>instar</strong></span> <span class='ocrx_word' id='word_1_579' title='bbox 2676 3564 2882 3633; x_wconf 87' lang='lat' dir='ltr'><strong>peccati</strong></span> <span class='ocrx_word' id='word_1_580' title='bbox 2942 3574 3327 3635; x_wconf 85' lang='lat' dir='ltr'><strong>perpetratum,</strong></span> <span class='ocrx_word' id='word_1_581' title='bbox 3379 3566 3476 3619; x_wconf 78' lang='lat' dir='ltr'><strong>sed</strong></span> 
     </span>
    </p>
   </div>
   <div class='ocr_carea' id='block_1_82' title="bbox 1903 3654 3473 3735">
    <p class='ocr_par' dir='ltr' id='par_1_82' title="bbox 1903 3654 3473 3735">
     <span class='ocr_line' id='line_1_82' title="bbox 1903 3654 3473 3735; baseline 0.002 -28"><span class='ocrx_word' id='word_1_582' title='bbox 1903 3666 2021 3707; x_wconf 90' lang='lat' dir='ltr'><strong>cum</strong></span> <span class='ocrx_word' id='word_1_583' title='bbox 2058 3654 2251 3708; x_wconf 79' lang='lat' dir='ltr'><strong>fiducia</strong></span> <span class='ocrx_word' id='word_1_584' title='bbox 2300 3664 2479 3710; x_wconf 90' lang='lat' dir='ltr'><strong>actum</strong></span> <span class='ocrx_word' id='word_1_585' title='bbox 2518 3665 2767 3735; x_wconf 75' lang='lat' dir='ltr'><strong>tanquam</strong></span> <span class='ocrx_word' id='word_1_586' title='bbox 2797 3660 3001 3727; x_wconf 86' lang='lat' dir='ltr'><strong>peccati</strong></span> <span class='ocrx_word' id='word_1_587' title='bbox 3053 3658 3308 3712; x_wconf 87' lang='lat' dir='ltr'><strong>immune.</strong></span> <span class='ocrx_word' id='word_1_588' title='bbox 3353 3657 3473 3724; x_wconf 83' lang='lat' dir='ltr'><strong>Quo</strong></span> 
     </span>
    </p>
   </div>
   <div class='ocr_carea' id='block_1_83' title="bbox 1904 3752 3469 3819">
    <p class='ocr_par' dir='ltr' id='par_1_83' title="bbox 1904 3752 3469 3819">
     <span class='ocr_line' id='line_1_83' title="bbox 1904 3752 3469 3819; baseline 0.002 -16"><span class='ocrx_word' id='word_1_589' title='bbox 1904 3752 2072 3819; x_wconf 85' lang='lat' dir='ltr'><strong>igitur</strong></span> <span class='ocrx_word' id='word_1_590' title='bbox 2103 3752 2324 3807; x_wconf 89' lang='lat' dir='ltr'><strong>nomine</strong></span> <span class='ocrx_word' id='word_1_591' title='bbox 2381 3752 2720 3809; x_wconf 88' lang='lat' dir='ltr'><strong>donabitur?</strong></span> <span class='ocrx_word' id='word_1_592' title='bbox 2774 3754 3074 3808; x_wconf 64' lang='lat' dir='ltr'><strong>Avaritiae?</strong></span> <span class='ocrx_word' id='word_1_593' title='bbox 3130 3753 3469 3807; x_wconf 86' lang='lat' dir='ltr'><strong>Nullatenus.</strong></span> 
     </span>
    </p>
   </div>
   <div class='ocr_carea' id='block_1_84' title="bbox 1903 3843 3473 3914">
    <p class='ocr_par' dir='ltr' id='par_1_84' title="bbox 1903 3843 3473 3914">
     <span class='ocr_line' id='line_1_84' title="bbox 1903 3843 3473 3914; baseline 0.001 -17"><span class='ocrx_word' id='word_1_594' title='bbox 1903 3843 2037 3898; x_wconf 81' lang='lat' dir='ltr'><strong>Nam</strong></span> <span class='ocrx_word' id='word_1_595' title='bbox 2079 3858 2203 3914; x_wconf 75' lang='lat' dir='ltr'><strong>erga</strong></span> <span class='ocrx_word' id='word_1_596' title='bbox 2244 3859 2535 3900; x_wconf 85' lang='lat' dir='ltr'><strong>conservos</strong></span> <span class='ocrx_word' id='word_1_597' title='bbox 2580 3845 3133 3910; x_wconf 83' lang='lat' dir='ltr'><strong>avaritiam,divinus</strong></span> <span class='ocrx_word' id='word_1_598' title='bbox 3182 3845 3473 3914; x_wconf 83' lang='lat' dir='ltr'><strong>Apostolus</strong></span> 
     </span>
    </p>
   </div>
   <div class='ocr_carea' id='block_1_85' title="bbox 1905 3936 3471 4008">
    <p class='ocr_par' dir='ltr' id='par_1_85' title="bbox 1905 3936 3471 4008">
     <span class='ocr_line' id='line_1_85' title="bbox 1905 3936 3471 4008; baseline 0.002 -19"><span class='ocrx_word' id='word_1_599' title='bbox 1905 3936 2117 3989; x_wconf 87' lang='lat' dir='ltr'><strong>vocavit</strong></span> <span class='ocrx_word' id='word_1_600' title='bbox 2147 3936 2407 3991; x_wconf 89' lang='lat' dir='ltr'><strong>idolorum</strong></span> <span class='ocrx_word' id='word_1_601' title='bbox 2456 3938 2767 3992; x_wconf 78' lang='lat' dir='ltr'><strong>servitutem</strong></span> <span class='ocrx_word' id='word_1_602' title='bbox 2794 3938 2861 3991; x_wconf 80' lang='lat'><strong>“.</strong></span> <span class='ocrx_word' id='word_1_603' title='bbox 2895 3938 3049 4003; x_wconf 88' lang='lat' dir='ltr'><strong>Quod</strong></span> <span class='ocrx_word' id='word_1_604' title='bbox 3100 3939 3471 4008; x_wconf 82' lang='lat' dir='ltr'><strong>interpretans</strong></span> 
     </span>
    </p>
   </div>
   <div class='ocr_carea' id='block_1_86' title="bbox 1900 4026 3472 4095">
    <p class='ocr_par' dir='ltr' id='par_1_86' title="bbox 1900 4026 3472 4095">
     <span class='ocr_line' id='line_1_86' title="bbox 1900 4026 3472 4095; baseline 0.001 -14"><span class='ocrx_word' id='word_1_605' title='bbox 1900 4028 2111 4081; x_wconf 84' lang='lat' dir='ltr'><strong>divinus</strong></span> <span class='ocrx_word' id='word_1_606' title='bbox 2165 4026 2609 4095; x_wconf 86' lang='lat' dir='ltr'><strong>Chrysostomus,</strong></span> <span class='ocrx_word' id='word_1_607' title='bbox 2642 4028 2826 4083; x_wconf 86' lang='lat' dir='ltr'><strong>multis</strong></span> <span class='ocrx_word' id='word_1_608' title='bbox 2876 4029 2930 4082; x_wconf 91' lang='lat' dir='ltr'><strong>in</strong></span> <span class='ocrx_word' id='word_1_609' title='bbox 2960 4029 3112 4094; x_wconf 87' lang='lat' dir='ltr'><strong>locis,</strong></span> <span class='ocrx_word' id='word_1_610' title='bbox 3145 4039 3200 4083; x_wconf 91' lang='lat' dir='ltr'><strong>et</strong></span> <span class='ocrx_word' id='word_1_611' title='bbox 3226 4030 3472 4084; x_wconf 88' lang='lat' dir='ltr'><strong>oratione</strong></span> 
     </span>
    </p>
   </div>
   <div class='ocr_carea' id='block_1_87' title="bbox 1900 4117 3466 4189">
    <p class='ocr_par' dir='ltr' id='par_1_87' title="bbox 1900 4117 3466 4189">
     <span class='ocr_line' id='line_1_87' title="bbox 1900 4117 3466 4189; baseline 0.004 -21"><span class='ocrx_word' id='word_1_612' title='bbox 1900 4117 2106 4169; x_wconf 72' lang='lat' dir='ltr'><strong>decima</strong></span> <span class='ocrx_word' id='word_1_613' title='bbox 2158 4125 2346 4172; x_wconf 83' lang='lat' dir='ltr'><strong>octava</strong></span> <span class='ocrx_word' id='word_1_614' title='bbox 2400 4118 2453 4172; x_wconf 85' lang='lat' dir='ltr'><strong>in</strong></span> <span class='ocrx_word' id='word_1_615' title='bbox 2490 4119 2783 4188; x_wconf 88' lang='lat' dir='ltr'><strong>Epistolam</strong></span> <span class='ocrx_word' id='word_1_616' title='bbox 2820 4120 2887 4174; x_wconf 92' lang='lat' dir='ltr'><strong>ad</strong></span> <span class='ocrx_word' id='word_1_617' title='bbox 2949 4119 3238 4189; x_wconf 77' lang='lat' dir='ltr'><strong>Ephesios,</strong></span> <span class='ocrx_word' id='word_1_618' title='bbox 3297 4121 3466 4175; x_wconf 88' lang='lat' dir='ltr'><strong>etiam</strong></span> 
     </span>
    </p>
   </div>
   <div class='ocr_carea' id='block_1_88' title="bbox 1907 4208 3469 4277">
    <p class='ocr_par' dir='ltr' id='par_1_88' title="bbox 1907 4208 3469 4277">
     <span class='ocr_line' id='line_1_88' title="bbox 1907 4208 3469 4277; baseline 0.001 -16"><span class='ocrx_word' id='word_1_619' title='bbox 1907 4208 2200 4261; x_wconf 60' lang='lat' dir='ltr'><strong>‘dolulatria</strong></span> <span class='ocrx_word' id='word_1_620' title='bbox 2252 4210 2377 4276; x_wconf 89' lang='lat' dir='ltr'><strong>quid</strong></span> <span class='ocrx_word' id='word_1_621' title='bbox 2415 4208 2566 4277; x_wconf 78' lang='lat' dir='ltr'><strong>pejus</strong></span> <span class='ocrx_word' id='word_1_622' title='bbox 2611 4224 2733 4265; x_wconf 88' lang='lat' dir='ltr'><strong>esse</strong></span> <span class='ocrx_word' id='word_1_623' title='bbox 2772 4211 3187 4265; x_wconf 75' lang='lat' dir='ltr'><strong>demonstratit.</strong></span> <span class='ocrx_word' id='word_1_624' title='bbox 3231 4210 3383 4276; x_wconf 87' lang='lat' dir='ltr'><strong>Quod</strong></span> <span class='ocrx_word' id='word_1_625' title='bbox 3422 4211 3469 4265; x_wconf 87' lang='lat' dir='ltr'><strong>si</strong></span> 
     </span>
    </p>
   </div>
   <div class='ocr_carea' id='block_1_89' title="bbox 1901 4301 3468 4367">
    <p class='ocr_par' dir='ltr' id='par_1_89' title="bbox 1901 4301 3468 4367">
     <span class='ocr_line' id='line_1_89' title="bbox 1901 4301 3468 4367; baseline 0.004 -15"><span class='ocrx_word' id='word_1_626' title='bbox 1901 4314 2023 4367; x_wconf 78' lang='lat' dir='ltr'><strong>erga</strong></span> <span class='ocrx_word' id='word_1_627' title='bbox 2093 4314 2388 4353; x_wconf 83' lang='lat' dir='ltr'><strong>conservos</strong></span> <span class='ocrx_word' id='word_1_628' title='bbox 2437 4301 2687 4366; x_wconf 81' lang='lat' dir='ltr'><strong>avaritia,</strong></span> <span class='ocrx_word' id='word_1_629' title='bbox 2737 4302 3002 4356; x_wconf 86' lang='lat' dir='ltr'><strong>idolorum</strong></span> <span class='ocrx_word' id='word_1_630' title='bbox 3063 4304 3297 4358; x_wconf 83' lang='lat' dir='ltr'><strong>servitus</strong></span> <span class='ocrx_word' id='word_1_631' title='bbox 3336 4312 3468 4367; x_wconf 88' lang='lat' dir='ltr'><strong>est;</strong></span> 
     </span>
    </p>
   </div>
   <div class='ocr_carea' id='block_1_90' title="bbox 1901 4387 3469 4464">
    <p class='ocr_par' dir='ltr' id='par_1_90' title="bbox 1901 4387 3469 4464">
     <span class='ocr_line' id='line_1_90' title="bbox 1901 4387 3469 4464; baseline 0.004 -24"><span class='ocrx_word' id='word_1_632' title='bbox 1901 4400 2018 4453; x_wconf 71' lang='lat' dir='ltr'><strong>(pne</strong></span> <span class='ocrx_word' id='word_1_633' title='bbox 2055 4387 2119 4439; x_wconf 87' lang='lat' dir='ltr'><strong>ad</strong></span> <span class='ocrx_word' id='word_1_634' title='bbox 2159 4390 2321 4443; x_wconf 88' lang='lat' dir='ltr'><strong>Dcum</strong></span> <span class='ocrx_word' id='word_1_635' title='bbox 2382 4391 2645 4459; x_wconf 65' lang='lat' dir='ltr'><strong>pervenit,</strong></span> <span class='ocrx_word' id='word_1_636' title='bbox 2678 4390 2807 4458; x_wconf 88' lang='lat' dir='ltr'><strong>quid</strong></span> <span class='ocrx_word' id='word_1_637' title='bbox 2863 4392 3006 4447; x_wconf 91' lang='lat' dir='ltr'><strong>aliud</strong></span> <span class='ocrx_word' id='word_1_638' title='bbox 3037 4393 3269 4459; x_wconf 90' lang='lat' dir='ltr'><strong>dicetur,</strong></span> <span class='ocrx_word' id='word_1_639' title='bbox 3307 4408 3469 4464; x_wconf 89' lang='lat' dir='ltr'><strong>quam</strong></span> 
     </span>
    </p>
   </div>
   <div class='ocr_carea' id='block_1_91' title="bbox 1905 4478 3468 4556">
    <p class='ocr_par' dir='ltr' id='par_1_91' title="bbox 1905 4478 3468 4556">
     <span class='ocr_line' id='line_1_91' title="bbox 1905 4478 3468 4556; baseline 0.006 -26"><span class='ocrx_word' id='word_1_640' title='bbox 1905 4478 2193 4547; x_wconf 84' lang='lat' dir='ltr'><strong>impietas?</strong></span> <span class='ocrx_word' id='word_1_641' title='bbox 2245 4481 2381 4535; x_wconf 76' lang='lat' dir='ltr'><strong>Nam</strong></span> <span class='ocrx_word' id='word_1_642' title='bbox 2421 4485 2463 4537; x_wconf 87' lang='lat' dir='ltr'><strong>si</strong></span> <span class='ocrx_word' id='word_1_643' title='bbox 2502 4482 2594 4538; x_wconf 90' lang='lat' dir='ltr'><strong>ille</strong></span> <span class='ocrx_word' id='word_1_644' title='bbox 2616 4484 2704 4552; x_wconf 90' lang='lat' dir='ltr'><strong>qui</strong></span> <span class='ocrx_word' id='word_1_645' title='bbox 2740 4498 2790 4539; x_wconf 88' lang='lat' dir='ltr'><strong>e.</strong></span> <span class='ocrx_word' id='word_1_646' title='bbox 2826 4485 2989 4540; x_wconf 83' lang='lat' dir='ltr'><strong>rebus</strong></span> <span class='ocrx_word' id='word_1_647' title='bbox 3023 4486 3221 4542; x_wconf 84' lang='lat' dir='ltr'><strong>divinis</strong></span> <span class='ocrx_word' id='word_1_648' title='bbox 3273 4502 3468 4556; x_wconf 84' lang='lat' dir='ltr'><strong>quam-</strong></span> 
     </span>
    </p>
   </div>
   <div class='ocr_carea' id='block_1_92' title="bbox 221 4567 1819 4651">
    <p class='ocr_par' dir='ltr' id='par_1_92' title="bbox 221 4568 1796 4646">
     <span class='ocr_line' id='line_1_92' title="bbox 221 4568 1796 4646; baseline 0.004 -21"><span class='ocrx_word' id='word_1_649' title='bbox 221 4575 253 4640; x_wconf 82' lang='grc' dir='ltr'>ἦ</span> <span class='ocrx_word' id='word_1_650' title='bbox 285 4573 652 4643; x_wconf 73' lang='grc' dir='ltr'>καουὸρίσας,</span> <span class='ocrx_word' id='word_1_651' title='bbox 678 4568 792 4629; x_wconf 79' lang='grc' dir='ltr'>οἷον</span> <span class='ocrx_word' id='word_1_652' title='bbox 818 4575 985 4643; x_wconf 86' lang='grc' dir='ltr'>ἁγίαν</span> <span class='ocrx_word' id='word_1_653' title='bbox 1012 4576 1223 4640; x_wconf 75' lang='grc' dir='ltr'>εἰκόνα,</span> <span class='ocrx_word' id='word_1_654' title='bbox 1252 4576 1285 4645; x_wconf 83' lang='grc' dir='ltr'><strong>ἦ</strong></span> <span class='ocrx_word' id='word_1_655' title='bbox 1316 4577 1461 4645; x_wconf 65' lang='grc' dir='ltr'>ἱερὸν</span> <span class='ocrx_word' id='word_1_656' title='bbox 1488 4576 1796 4646; x_wconf 75' lang='grc' dir='ltr'>κειμήλιον,</span> 
     </span>
    </p>
   </div>
   <div class='ocr_carea' id='block_1_93' title="bbox 1905 4567 3474 4651">
    <p class='ocr_par' dir='ltr' id='par_1_93' title="bbox 1905 4567 3474 4639">
     <span class='ocr_line' id='line_1_93' title="bbox 1905 4567 3474 4639; baseline 0.008 -21"><span class='ocrx_word' id='word_1_657' title='bbox 1905 4567 2044 4635; x_wconf 79' lang='lat' dir='ltr'><strong>piam</strong></span> <span class='ocrx_word' id='word_1_658' title='bbox 2088 4570 2254 4624; x_wconf 84' lang='lat' dir='ltr'><strong>semei</strong></span> <span class='ocrx_word' id='word_1_659' title='bbox 2298 4571 2667 4639; x_wconf 81' lang='lat' dir='ltr'><strong>profanaverit</strong></span> <span class='ocrx_word' id='word_1_660' title='bbox 2699 4583 2791 4627; x_wconf 90' lang='lat' dir='ltr'><strong>aut</strong></span> <span class='ocrx_word' id='word_1_661' title='bbox 2820 4576 3141 4631; x_wconf 80' lang='lat' dir='ltr'><strong>tractaverit</strong></span> <span class='ocrx_word' id='word_1_662' title='bbox 3188 4585 3474 4632; x_wconf 86' lang='lat' dir='ltr'><strong>contume-</strong></span> 
     </span>
    </p>
   </div>
   <div class='ocr_carea' id='block_1_94' title="bbox 220 4666 1797 4739">
    <p class='ocr_par' dir='ltr' id='par_1_94' title="bbox 220 4666 1797 4739">
     <span class='ocr_line' id='line_1_94' title="bbox 220 4666 1797 4739; baseline 0.004 -23"><span class='ocrx_word' id='word_1_663' title='bbox 220 4666 253 4734; x_wconf 77' lang='grc' dir='ltr'>ἦ</span> <span class='ocrx_word' id='word_1_664' title='bbox 285 4666 549 4735; x_wconf 83' lang='grc' dir='ltr'>χρήματα</span> <span class='ocrx_word' id='word_1_665' title='bbox 586 4668 709 4738; x_wconf 70' lang='grc' dir='ltr'>ίερα</span> <span class='ocrx_word' id='word_1_666' title='bbox 752 4670 996 4739; x_wconf 85' lang='grc' dir='ltr'>μερικῶς</span> <span class='ocrx_word' id='word_1_667' title='bbox 1029 4668 1449 4737; x_wconf 84' lang='grc' dir='ltr'>νοσφισάμενος,</span> <span class='ocrx_word' id='word_1_668' title='bbox 1500 4667 1797 4738; x_wconf 73' lang='grc' dir='ltr'>Οεοστυγὴς</span> 
     </span>
    </p>
   </div>
   <div class='ocr_carea' id='block_1_95' title="bbox 222 4757 1795 4829">
    <p class='ocr_par' dir='ltr' id='par_1_95' title="bbox 222 4757 1795 4829">
     <span class='ocr_line' id='line_1_95' title="bbox 222 4757 1795 4829; baseline 0.003 -22"><span class='ocrx_word' id='word_1_669' title='bbox 222 4758 317 4809; x_wconf 77' lang='grc' dir='ltr'><strong>καὶ</strong></span> <span class='ocrx_word' id='word_1_670' title='bbox 347 4758 700 4827; x_wconf 78' lang='grc' dir='ltr'>κατάκριτος,</span> <span class='ocrx_word' id='word_1_671' title='bbox 732 4760 821 4811; x_wconf 74' lang='grc' dir='ltr'>διὰ</span> <span class='ocrx_word' id='word_1_672' title='bbox 860 4760 922 4812; x_wconf 83' lang='grc' dir='ltr'>τὸ</span> <span class='ocrx_word' id='word_1_673' title='bbox 949 4758 1047 4829; x_wconf 80' lang='grc' dir='ltr'>τὴν</span> <span class='ocrx_word' id='word_1_674' title='bbox 1083 4757 1242 4829; x_wconf 72' lang='grc' dir='ltr'>ὓϐριν</span> <span class='ocrx_word' id='word_1_675' title='bbox 1274 4760 1368 4811; x_wconf 79' lang='grc' dir='ltr'><strong>ἐπὶ</strong></span> <span class='ocrx_word' id='word_1_676' title='bbox 1395 4759 1487 4811; x_wconf 83' lang='grc' dir='ltr'>τὸν</span> <span class='ocrx_word' id='word_1_677' title='bbox 1517 4760 1650 4812; x_wconf 78' lang='grc' dir='ltr'>Θεὸν</span> <span class='ocrx_word' id='word_1_678' title='bbox 1678 4760 1795 4811; x_wconf 76' lang='grc' dir='ltr'>δια·</span> 
     </span>
    </p>
   </div>
   <div class='ocr_carea' id='block_1_96' title="bbox 220 4842 1798 4919">
    <p class='ocr_par' dir='ltr' id='par_1_96' title="bbox 220 4842 1798 4919">
     <span class='ocr_line' id='line_1_96' title="bbox 220 4842 1798 4919; baseline 0.006 -25"><span class='ocrx_word' id='word_1_679' title='bbox 220 4844 453 4909; x_wconf 72' lang='grc' dir='ltr'>ϐαίνειν,</span> <span class='ocrx_word' id='word_1_680' title='bbox 491 4845 681 4917; x_wconf 85' lang='grc' dir='ltr'>ὥσπερ</span> <span class='ocrx_word' id='word_1_681' title='bbox 719 4848 812 4901; x_wconf 79' lang='grc' dir='ltr'>καὶ</span> <span class='ocrx_word' id='word_1_682' title='bbox 841 4842 943 4919; x_wconf 77' lang='grc' dir='ltr'>τὴν</span> <span class='ocrx_word' id='word_1_683' title='bbox 988 4850 1157 4919; x_wconf 81' lang='grc' dir='ltr'>τιμήν</span> <span class='ocrx_word' id='word_1_684' title='bbox 1186 4866 1201 4881; x_wconf 82' lang='lat'><strong>-</strong></span> <span class='ocrx_word' id='word_1_685' title='bbox 1247 4850 1342 4903; x_wconf 82' lang='grc' dir='ltr'><strong>καὶ</strong></span> <span class='ocrx_word' id='word_1_686' title='bbox 1394 4850 1673 4917; x_wconf 76' lang='grc' dir='ltr'>βεϐαιοῦσι</span> <span class='ocrx_word' id='word_1_687' title='bbox 1708 4850 1798 4904; x_wconf 78' lang='grc' dir='ltr'>τὸν</span> 
     </span>
    </p>
   </div>
   <div class='ocr_carea' id='block_1_97' title="bbox 220 4932 1798 5009">
    <p class='ocr_par' dir='ltr' id='par_1_97' title="bbox 220 4932 1798 5009">
     <span class='ocr_line' id='line_1_97' title="bbox 220 4932 1798 5009; baseline 0.006 -25"><span class='ocrx_word' id='word_1_688' title='bbox 220 4932 402 5001; x_wconf 72' lang='grc' dir='ltr'>λόγον,</span> <span class='ocrx_word' id='word_1_689' title='bbox 460 4936 521 4988; x_wconf 85' lang='grc' dir='ltr'><strong>ὲν</strong></span> <span class='ocrx_word' id='word_1_690' title='bbox 562 4937 664 5005; x_wconf 73' lang='grc' dir='ltr'>μὲν</span> <span class='ocrx_word' id='word_1_691' title='bbox 716 4941 783 5009; x_wconf 78' lang='grc' dir='ltr'>τῇ</span> <span class='ocrx_word' id='word_1_692' title='bbox 839 4939 1072 5009; x_wconf 76' lang='grc' dir='ltr'>Παλαιᾷ,</span> <span class='ocrx_word' id='word_1_693' title='bbox 1121 4939 1261 5008; x_wconf 80' lang='grc' dir='ltr'>πρὸς</span> <span class='ocrx_word' id='word_1_694' title='bbox 1310 4943 1423 5005; x_wconf 80' lang='grc' dir='ltr'>τοῖς</span> <span class='ocrx_word' id='word_1_695' title='bbox 1476 4941 1658 5003; x_wconf 84' lang='grc' dir='ltr'>ἄλλοις</span> <span class='ocrx_word' id='word_1_696' title='bbox 1704 4941 1798 4994; x_wconf 78' lang='grc' dir='ltr'><strong>καὶ</strong></span> 
     </span>
    </p>
   </div>
   <div class='ocr_carea' id='block_1_98' title="bbox 222 5026 1797 5103">
    <p class='ocr_par' dir='ltr' id='par_1_98' title="bbox 222 5026 1797 5103">
     <span class='ocr_line' id='line_1_98' title="bbox 222 5026 1797 5103; baseline 0.006 -27"><span class='ocrx_word' id='word_1_697' title='bbox 222 5026 405 5096; x_wconf 81' lang='grc' dir='ltr'>Ἀχαρ</span> <span class='ocrx_word' id='word_1_698' title='bbox 434 5026 571 5097; x_wconf 74' lang='grc'><strong>(12),</strong></span> <span class='ocrx_word' id='word_1_699' title='bbox 616 5029 682 5082; x_wconf 82' lang='grc' dir='ltr'>ὲκ</span> <span class='ocrx_word' id='word_1_700' title='bbox 722 5029 833 5083; x_wconf 83' lang='grc' dir='ltr'>τῶν</span> <span class='ocrx_word' id='word_1_701' title='bbox 886 5030 964 5101; x_wconf 83' lang='grc' dir='ltr'>τῷ</span> <span class='ocrx_word' id='word_1_702' title='bbox 1011 5030 1133 5100; x_wconf 84' lang='grc' dir='ltr'><strong>Θεῷ</strong></span> <span class='ocrx_word' id='word_1_703' title='bbox 1180 5032 1619 5103; x_wconf 82' lang='grc' dir='ltr'>ἁνατεθειμένων</span> <span class='ocrx_word' id='word_1_704' title='bbox 1650 5033 1797 5100; x_wconf 74' lang='grc' dir='ltr'>ἅπαξ</span> 
     </span>
    </p>
   </div>
   <div class='ocr_carea' id='block_1_99' title="bbox 219 5115 1793 5185">
    <p class='ocr_par' dir='ltr' id='par_1_99' title="bbox 219 5115 1793 5185">
     <span class='ocr_line' id='line_1_99' title="bbox 219 5115 1793 5185; baseline 0.006 -19"><span class='ocrx_word' id='word_1_705' title='bbox 219 5115 529 5184; x_wconf 82' lang='grc' dir='ltr'>κεκλοφὼς,</span> <span class='ocrx_word' id='word_1_706' title='bbox 555 5117 651 5171; x_wconf 83' lang='grc' dir='ltr'>καὶ</span> <span class='ocrx_word' id='word_1_707' title='bbox 681 5118 789 5172; x_wconf 77' lang='grc' dir='ltr'>ὑπὸ</span> <span class='ocrx_word' id='word_1_708' title='bbox 820 5119 918 5173; x_wconf 81' lang='grc' dir='ltr'>τοῦ</span> <span class='ocrx_word' id='word_1_709' title='bbox 952 5119 1087 5173; x_wconf 82' lang='grc' dir='ltr'>λαοῦ</span> <span class='ocrx_word' id='word_1_710' title='bbox 1114 5122 1339 5174; x_wconf 73' lang='grc' dir='ltr'>πανοικὶ</span> <span class='ocrx_word' id='word_1_711' title='bbox 1365 5122 1755 5185; x_wconf 86' lang='grc' dir='ltr'>καταλευσθείς</span> <span class='ocrx_word' id='word_1_712' title='bbox 1778 5138 1793 5154; x_wconf 77' lang='grc' dir='ltr'><strong>ο</strong></span> 
     </span>
    </p>
   </div>
   <div class='ocr_carea' id='block_1_100' title="bbox 217 5206 1796 5285">
    <p class='ocr_par' dir='ltr' id='par_1_100' title="bbox 217 5206 1796 5285">
     <span class='ocr_line' id='line_1_100' title="bbox 217 5206 1796 5285; baseline 0.006 -27"><span class='ocrx_word' id='word_1_713' title='bbox 217 5206 277 5258; x_wconf 74' lang='grc' dir='ltr'>ἐν</span> <span class='ocrx_word' id='word_1_714' title='bbox 308 5206 368 5260; x_wconf 67' lang='grc' dir='ltr'>δὲ</span> <span class='ocrx_word' id='word_1_715' title='bbox 393 5210 460 5279; x_wconf 84' lang='grc' dir='ltr'>τῇ</span> <span class='ocrx_word' id='word_1_716' title='bbox 493 5210 693 5281; x_wconf 77' lang='grc' dir='ltr'>Καινῇ,</span> <span class='ocrx_word' id='word_1_717' title='bbox 734 5210 987 5277; x_wconf 82' lang='grc' dir='ltr'>Ἀνανίας</span> <span class='ocrx_word' id='word_1_718' title='bbox 1010 5213 1105 5267; x_wconf 80' lang='grc' dir='ltr'>καὶ</span> <span class='ocrx_word' id='word_1_719' title='bbox 1135 5212 1443 5284; x_wconf 71' lang='grc' dir='ltr'>Σάπφειρα,</span> <span class='ocrx_word' id='word_1_720' title='bbox 1480 5214 1546 5267; x_wconf 82' lang='grc' dir='ltr'>ὲκ</span> <span class='ocrx_word' id='word_1_721' title='bbox 1578 5214 1686 5267; x_wconf 85' lang='grc' dir='ltr'>τῶν</span> <span class='ocrx_word' id='word_1_722' title='bbox 1718 5214 1796 5285; x_wconf 80' lang='grc' dir='ltr'><strong>τῷ</strong></span> 
     </span>
    </p>
   </div>
   <div class='ocr_carea' id='block_1_101' title="bbox 294 5363 2039 5444">
    <p class='ocr_par' dir='ltr' id='par_1_101' title="bbox 294 5363 2039 5444">
     <span class='ocr_line' id='line_1_101' title="bbox 294 5363 2039 5444; baseline 0.007 -24"><span class='ocrx_word' id='word_1_723' title='bbox 294 5365 337 5398; x_wconf 82' lang='grc'><strong><em>”</em></strong></span> <span class='ocrx_word' id='word_1_724' title='bbox 374 5363 521 5422; x_wconf 80' lang='lat' dir='ltr'><strong>Psal.</strong></span> <span class='ocrx_word' id='word_1_725' title='bbox 565 5383 760 5439; x_wconf 80' lang='lat' dir='ltr'><strong>xxvut,</strong></span> <span class='ocrx_word' id='word_1_726' title='bbox 794 5370 848 5426; x_wconf 89' lang='lat'><strong>9.</strong></span> <span class='ocrx_word' id='word_1_727' title='bbox 925 5368 972 5402; x_wconf 85' lang='grc'><strong>¹⁰</strong></span> <span class='ocrx_word' id='word_1_728' title='bbox 1009 5367 1365 5437; x_wconf 67' lang='lat' dir='ltr'><strong>Matthmuu,</strong></span> <span class='ocrx_word' id='word_1_729' title='bbox 1412 5370 1505 5425; x_wconf 73' lang='lat'><strong>20.</strong></span> <span class='ocrx_word' id='word_1_730' title='bbox 1582 5373 1625 5404; x_wconf 82' lang='lat'><strong>&quot;</strong></span> <span class='ocrx_word' id='word_1_731' title='bbox 1661 5371 1856 5444; x_wconf 86' lang='lat' dir='ltr'><strong>Ephes.</strong></span> <span class='ocrx_word' id='word_1_732' title='bbox 1885 5389 1939 5438; x_wconf 88' lang='lat' dir='ltr'><strong>v,</strong></span> <span class='ocrx_word' id='word_1_733' title='bbox 1984 5376 2039 5432; x_wconf 85' lang='lat'><strong>5.</strong></span> 
     </span>
    </p>
   </div>
   <div class='ocr_carea' id='block_1_102' title="bbox 1900 4660 3466 4739">
    <p class='ocr_par' dir='ltr' id='par_1_102' title="bbox 1900 4660 3466 4739">
     <span class='ocr_line' id='line_1_102' title="bbox 1900 4660 3466 4739; baseline 0.009 -27"><span class='ocrx_word' id='word_1_734' title='bbox 1900 4660 2055 4727; x_wconf 84' lang='lat' dir='ltr'><strong>liuse,</strong></span> <span class='ocrx_word' id='word_1_735' title='bbox 2109 4662 2253 4717; x_wconf 80' lang='lat' dir='ltr'><strong>verbi</strong></span> <span class='ocrx_word' id='word_1_736' title='bbox 2287 4666 2459 4732; x_wconf 79' lang='lat' dir='ltr'><strong>gratia</strong></span> <span class='ocrx_word' id='word_1_737' title='bbox 2486 4674 2730 4721; x_wconf 88' lang='lat' dir='ltr'><strong>sanctam</strong></span> <span class='ocrx_word' id='word_1_738' title='bbox 2762 4666 3076 4739; x_wconf 76' lang='lat' dir='ltr'><strong>imaginem,</strong></span> <span class='ocrx_word' id='word_1_739' title='bbox 3100 4684 3316 4725; x_wconf 86' lang='lat' dir='ltr'><strong>sacrum</strong></span> <span class='ocrx_word' id='word_1_740' title='bbox 3351 4688 3466 4737; x_wconf 81' lang='lat' dir='ltr'><strong>vas,</strong></span> 
     </span>
    </p>
   </div>
   <div class='ocr_carea' id='block_1_103' title="bbox 1900 4753 3474 4830">
    <p class='ocr_par' dir='ltr' id='par_1_103' title="bbox 1900 4753 3474 4830">
     <span class='ocr_line' id='line_1_103' title="bbox 1900 4753 3474 4830; baseline 0.009 -25"><span class='ocrx_word' id='word_1_741' title='bbox 1900 4753 1981 4807; x_wconf 89' lang='lat' dir='ltr'><strong>vel</strong></span> <span class='ocrx_word' id='word_1_742' title='bbox 2026 4755 2281 4822; x_wconf 88' lang='lat' dir='ltr'><strong>pecunias</strong></span> <span class='ocrx_word' id='word_1_743' title='bbox 2319 4772 2504 4811; x_wconf 85' lang='lat' dir='ltr'><strong>sacras</strong></span> <span class='ocrx_word' id='word_1_744' title='bbox 2550 4772 2613 4813; x_wconf 72' lang='lat' dir='ltr'><strong>ex</strong></span> <span class='ocrx_word' id='word_1_745' title='bbox 2669 4768 2822 4829; x_wconf 86' lang='lat' dir='ltr'><strong>parte</strong></span> <span class='ocrx_word' id='word_1_746' title='bbox 2856 4762 3115 4830; x_wconf 87' lang='lat' dir='ltr'><strong>rapuerit,</strong></span> <span class='ocrx_word' id='word_1_747' title='bbox 3142 4761 3250 4817; x_wconf 90' lang='lat' dir='ltr'><strong>Deo</strong></span> <span class='ocrx_word' id='word_1_748' title='bbox 3275 4777 3474 4819; x_wconf 69' lang='lat' dir='ltr'><strong>exosus</strong></span> 
     </span>
    </p>
   </div>
   <div class='ocr_carea' id='block_1_104' title="bbox 1901 4848 3474 4922">
    <p class='ocr_par' dir='ltr' id='par_1_104' title="bbox 1901 4848 3474 4922">
     <span class='ocr_line' id='line_1_104' title="bbox 1901 4848 3474 4922; baseline 0.006 -27"><span class='ocrx_word' id='word_1_749' title='bbox 1901 4855 1963 4896; x_wconf 91' lang='lat' dir='ltr'><strong>ac</strong></span> <span class='ocrx_word' id='word_1_750' title='bbox 1992 4858 2118 4899; x_wconf 89' lang='lat' dir='ltr'><strong>reus</strong></span> <span class='ocrx_word' id='word_1_751' title='bbox 2154 4857 2254 4911; x_wconf 87' lang='lat' dir='ltr'><strong>est,</strong></span> <span class='ocrx_word' id='word_1_752' title='bbox 2285 4862 2349 4902; x_wconf 91' lang='lat' dir='ltr'><strong>eo</strong></span> <span class='ocrx_word' id='word_1_753' title='bbox 2381 4848 2522 4918; x_wconf 91' lang='lat' dir='ltr'><strong>quod</strong></span> <span class='ocrx_word' id='word_1_754' title='bbox 2550 4852 2872 4907; x_wconf 77' lang='lat' dir='ltr'><strong>contumelia</strong></span> <span class='ocrx_word' id='word_1_755' title='bbox 2915 4856 2983 4907; x_wconf 91' lang='lat' dir='ltr'><strong>ad</strong></span> <span class='ocrx_word' id='word_1_756' title='bbox 3014 4852 3179 4907; x_wconf 85' lang='lat' dir='ltr'><strong>Deum</strong></span> <span class='ocrx_word' id='word_1_757' title='bbox 3206 4861 3474 4922; x_wconf 85' lang='lat' dir='ltr'><strong>transeat,</strong></span> 
     </span>
    </p>
   </div>
   <div class='ocr_carea' id='block_1_105' title="bbox 1903 4943 3477 5016">
    <p class='ocr_par' dir='ltr' id='par_1_105' title="bbox 1903 4943 3477 5016">
     <span class='ocr_line' id='line_1_105' title="bbox 1903 4943 3477 5016; baseline 0.008 -23"><span class='ocrx_word' id='word_1_758' title='bbox 1903 4949 2035 4995; x_wconf 90' lang='lat' dir='ltr'><strong>utet</strong></span> <span class='ocrx_word' id='word_1_759' title='bbox 2079 4943 2285 4997; x_wconf 90' lang='lat' dir='ltr'><strong>honor:</strong></span> <span class='ocrx_word' id='word_1_760' title='bbox 2321 4958 2741 5016; x_wconf 82' lang='lat' dir='ltr'><strong>sermonemque</strong></span> <span class='ocrx_word' id='word_1_761' title='bbox 2792 4949 3139 5015; x_wconf 81' lang='lat' dir='ltr'><strong>conﬁrmant,</strong></span> <span class='ocrx_word' id='word_1_762' title='bbox 3194 4952 3247 5005; x_wconf 92' lang='lat' dir='ltr'><strong>in</strong></span> <span class='ocrx_word' id='word_1_763' title='bbox 3295 4951 3477 5007; x_wconf 72' lang='lat' dir='ltr'><strong>Veteri</strong></span> 
     </span>
    </p>
   </div>
   <div class='ocr_carea' id='block_1_106' title="bbox 1902 5034 3478 5112">
    <p class='ocr_par' dir='ltr' id='par_1_106' title="bbox 1902 5034 3478 5112">
     <span class='ocr_line' id='line_1_106' title="bbox 1902 5034 3478 5112; baseline 0.008 -28"><span class='ocrx_word' id='word_1_764' title='bbox 1902 5034 2117 5102; x_wconf 90' lang='lat' dir='ltr'><strong>quidem</strong></span> <span class='ocrx_word' id='word_1_765' title='bbox 2169 5035 2539 5102; x_wconf 87' lang='lat' dir='ltr'><strong>Testamento,</strong></span> <span class='ocrx_word' id='word_1_766' title='bbox 2570 5054 2691 5093; x_wconf 91' lang='lat' dir='ltr'><strong>cum</strong></span> <span class='ocrx_word' id='word_1_767' title='bbox 2725 5038 2848 5095; x_wconf 89' lang='lat' dir='ltr'><strong>aliis</strong></span> <span class='ocrx_word' id='word_1_768' title='bbox 2880 5041 3042 5096; x_wconf 89' lang='lat' dir='ltr'><strong>etiam</strong></span> <span class='ocrx_word' id='word_1_769' title='bbox 3072 5042 3274 5109; x_wconf 86' lang='lat' dir='ltr'><strong>Achar,</strong></span> <span class='ocrx_word' id='word_1_770' title='bbox 3307 5043 3400 5112; x_wconf 85' lang='lat' dir='ltr'><strong>qui</strong></span> <span class='ocrx_word' id='word_1_771' title='bbox 3445 5058 3478 5097; x_wconf 93' lang='lat' dir='ltr'><strong>e</strong></span> 
     </span>
    </p>
   </div>
   <div class='ocr_carea' id='block_1_107' title="bbox 1904 5126 3476 5203">
    <p class='ocr_par' dir='ltr' id='par_1_107' title="bbox 1904 5126 3476 5203">
     <span class='ocr_line' id='line_1_107' title="bbox 1904 5126 3476 5203; baseline 0.006 -24"><span class='ocrx_word' id='word_1_772' title='bbox 1904 5126 2014 5179; x_wconf 86' lang='lat' dir='ltr'><strong>Deo</strong></span> <span class='ocrx_word' id='word_1_773' title='bbox 2045 5126 2236 5182; x_wconf 91' lang='lat' dir='ltr'><strong>dicatis</strong></span> <span class='ocrx_word' id='word_1_774' title='bbox 2264 5129 2433 5184; x_wconf 89' lang='lat' dir='ltr'><strong>semel</strong></span> <span class='ocrx_word' id='word_1_775' title='bbox 2489 5130 2718 5197; x_wconf 83' lang='lat' dir='ltr'><strong>furatus,</strong></span> <span class='ocrx_word' id='word_1_776' title='bbox 2750 5146 2779 5185; x_wconf 91' lang='lat' dir='ltr'><strong>a</strong></span> <span class='ocrx_word' id='word_1_777' title='bbox 2807 5132 3004 5203; x_wconf 88' lang='lat' dir='ltr'><strong>populo</strong></span> <span class='ocrx_word' id='word_1_778' title='bbox 3030 5148 3152 5190; x_wconf 90' lang='lat' dir='ltr'><strong>cum</strong></span> <span class='ocrx_word' id='word_1_779' title='bbox 3180 5145 3290 5189; x_wconf 88' lang='lat' dir='ltr'><strong>tota</strong></span> <span class='ocrx_word' id='word_1_780' title='bbox 3314 5134 3476 5189; x_wconf 91' lang='lat' dir='ltr'><strong>domo</strong></span> 
     </span>
    </p>
   </div>
   <div class='ocr_carea' id='block_1_108' title="bbox 1902 5217 3475 5296">
    <p class='ocr_par' dir='ltr' id='par_1_108' title="bbox 1902 5217 3475 5296">
     <span class='ocr_line' id='line_1_108' title="bbox 1902 5217 3475 5296; baseline 0.006 -27"><span class='ocrx_word' id='word_1_781' title='bbox 1902 5217 2170 5287; x_wconf 82' lang='lat' dir='ltr'><strong>lapidatus</strong></span> <span class='ocrx_word' id='word_1_782' title='bbox 2191 5230 2271 5274; x_wconf 84' lang='lat' dir='ltr'><strong>est</strong></span> <span class='ocrx_word' id='word_1_783' title='bbox 2291 5222 2337 5252; x_wconf 84' lang='lat'>“</span> <span class='ocrx_word' id='word_1_784' title='bbox 2360 5239 2374 5289; x_wconf 88' lang='lat'><strong>;</strong></span> <span class='ocrx_word' id='word_1_785' title='bbox 2397 5222 2450 5275; x_wconf 89' lang='lat' dir='ltr'><strong>in</strong></span> <span class='ocrx_word' id='word_1_786' title='bbox 2472 5220 2623 5278; x_wconf 88' lang='lat' dir='ltr'><strong>Novo</strong></span> <span class='ocrx_word' id='word_1_787' title='bbox 2648 5234 2848 5293; x_wconf 89' lang='lat' dir='ltr'><strong>autem,</strong></span> <span class='ocrx_word' id='word_1_788' title='bbox 2873 5225 3113 5283; x_wconf 83' lang='lat' dir='ltr'><strong>Ananias</strong></span> <span class='ocrx_word' id='word_1_789' title='bbox 3134 5234 3187 5282; x_wconf 91' lang='lat' dir='ltr'><strong>et</strong></span> <span class='ocrx_word' id='word_1_790' title='bbox 3220 5224 3475 5296; x_wconf 87' lang='lat' dir='ltr'><strong>Saphira,</strong></span> 
     </span>
    </p>
   </div>
   <div class='ocr_carea' id='block_1_109' title="bbox 2150 5375 2749 5451">
    <p class='ocr_par' dir='ltr' id='par_1_109' title="bbox 2150 5375 2749 5451">
     <span class='ocr_line' id='line_1_109' title="bbox 2150 5375 2749 5451; baseline 0.012 -22"><span class='ocrx_word' id='word_1_791' title='bbox 2150 5379 2194 5408; x_wconf 80' lang='lat'>&quot;</span> <span class='ocrx_word' id='word_1_792' title='bbox 2228 5375 2390 5433; x_wconf 79' lang='lat' dir='ltr'><strong>Josue</strong></span> <span class='ocrx_word' id='word_1_793' title='bbox 2421 5394 2517 5445; x_wconf 86' lang='lat' dir='ltr'><strong>vu,</strong></span> <span class='ocrx_word' id='word_1_794' title='bbox 2548 5380 2570 5435; x_wconf 83' lang='grc' dir='ltr'>ι</span> <span class='ocrx_word' id='word_1_795' title='bbox 2598 5395 2749 5451; x_wconf 87' lang='lat' dir='ltr'><strong>seqq.</strong></span> 
     </span>
    </p>
   </div>
   <div class='ocr_carea' id='block_1_110' title="bbox 1364 5510 2311 5591">
    <p class='ocr_par' dir='ltr' id='par_1_110' title="bbox 1364 5510 2311 5591">
     <span class='ocr_line' id='line_1_110' title="bbox 1364 5510 2311 5591; baseline 0.011 -19"><span class='ocrx_word' id='word_1_796' title='bbox 1364 5510 1547 5573; x_wconf 85' lang='lat' dir='ltr'><strong>Joan.</strong></span> <span class='ocrx_word' id='word_1_797' title='bbox 1580 5513 1755 5591; x_wconf 85' lang='lat' dir='ltr'><strong>Bapt.</strong></span> <span class='ocrx_word' id='word_1_798' title='bbox 1794 5514 2092 5578; x_wconf 86' lang='lat' dir='ltr'><strong>Cotelerii</strong></span> <span class='ocrx_word' id='word_1_799' title='bbox 2126 5526 2311 5582; x_wconf 80' lang='lat' dir='ltr'><strong>notae.</strong></span> 
     </span>
    </p>
   </div>
   <div class='ocr_carea' id='block_1_111' title="bbox 292 5655 1783 5727">
    <p class='ocr_par' dir='ltr' id='par_1_111' title="bbox 292 5655 1783 5727">
     <span class='ocr_line' id='line_1_111' title="bbox 292 5655 1783 5727; baseline 0.003 -18"><span class='ocrx_word' id='word_1_800' title='bbox 292 5655 404 5725; x_wconf 67' lang='grc'><strong>(12)</strong></span> <span class='ocrx_word' id='word_1_801' title='bbox 426 5655 631 5727; x_wconf 58' lang='grc' dir='ltr'>ξ’Δχαρ.</span> <span class='ocrx_word' id='word_1_802' title='bbox 655 5656 917 5713; x_wconf 82' lang='lat' dir='ltr'><strong>Notabam</strong></span> <span class='ocrx_word' id='word_1_803' title='bbox 934 5658 999 5713; x_wconf 89' lang='lat' dir='ltr'><strong>ad</strong></span> <span class='ocrx_word' id='word_1_804' title='bbox 1022 5655 1432 5712; x_wconf 62' lang='lat' dir='ltr'><strong>Constitution“</strong></span> <span class='ocrx_word' id='word_1_805' title='bbox 1447 5660 1783 5727; x_wconf 72' lang='lat' dir='ltr'><strong>apostolicus.</strong></span> 
     </span>
    </p>
   </div>
   <div class='ocr_carea' id='block_1_112' title="bbox 217 5722 1790 5798">
    <p class='ocr_par' dir='ltr' id='par_1_112' title="bbox 217 5722 1790 5798">
     <span class='ocr_line' id='line_1_112' title="bbox 217 5722 1790 5798; baseline 0.005 -21"><span class='ocrx_word' id='word_1_806' title='bbox 217 5722 393 5798; x_wconf 46' lang='lat' dir='ltr'><strong>{iuch</strong></span> <span class='ocrx_word' id='word_1_807' title='bbox 426 5722 600 5798; x_wconf 56' lang='lat' dir='ltr'><strong>locum</strong></span> <span class='ocrx_word' id='word_1_808' title='bbox 652 5727 1023 5798; x_wconf 84' lang='lat' dir='ltr'><strong>Chrysostomi</strong></span> <span class='ocrx_word' id='word_1_809' title='bbox 1078 5730 1225 5782; x_wconf 89' lang='lat' dir='ltr'><strong>hom.</strong></span> <span class='ocrx_word' id='word_1_810' title='bbox 1275 5728 1364 5792; x_wconf 72' lang='grc'>25,</span> <span class='ocrx_word' id='word_1_811' title='bbox 1412 5722 1677 5797; x_wconf 65' lang='grc' dir='ltr'>ίιιἘιιίδι.</span> <span class='ocrx_word' id='word_1_812' title='bbox 1726 5733 1790 5785; x_wconf 75' lang='lat' dir='ltr'><strong>uti</strong></span> 
     </span>
    </p>
   </div>
   <div class='ocr_carea' id='block_1_113' title="bbox 223 5794 1785 5867">
    <p class='ocr_par' dir='ltr' id='par_1_113' title="bbox 223 5794 1785 5867">
     <span class='ocr_line' id='line_1_113' title="bbox 223 5794 1785 5867; baseline 0.005 -21"><span class='ocrx_word' id='word_1_813' title='bbox 223 5794 389 5867; x_wconf 66' lang='lat' dir='ltr'><strong>Item.</strong></span> <span class='ocrx_word' id='word_1_814' title='bbox 417 5795 654 5850; x_wconf 76' lang='lat' dir='ltr'><strong>conferri</strong></span> <span class='ocrx_word' id='word_1_815' title='bbox 681 5794 840 5851; x_wconf 75' lang='lat' dir='ltr'><strong>velim</strong></span> <span class='ocrx_word' id='word_1_816' title='bbox 869 5813 991 5867; x_wconf 86' lang='lat' dir='ltr'><strong>cum</strong></span> <span class='ocrx_word' id='word_1_817' title='bbox 1040 5799 1180 5864; x_wconf 88' lang='lat' dir='ltr'><strong>aliis,</strong></span> <span class='ocrx_word' id='word_1_818' title='bbox 1220 5799 1311 5851; x_wconf 91' lang='lat' dir='ltr'><strong>lih.</strong></span> <span class='ocrx_word' id='word_1_819' title='bbox 1367 5798 1439 5852; x_wconf 86' lang='lat' dir='ltr'><strong>De</strong></span> <span class='ocrx_word' id='word_1_820' title='bbox 1467 5794 1785 5867; x_wconf 67' lang='lat' dir='ltr'><strong>virginitate.</strong></span> 
     </span>
    </p>
   </div>
   <div class='ocr_carea' id='block_1_114' title="bbox 219 5866 1787 5937">
    <p class='ocr_par' dir='ltr' id='par_1_114' title="bbox 219 5866 1787 5937">
     <span class='ocr_line' id='line_1_114' title="bbox 219 5866 1787 5937; baseline 0.004 -20"><span class='ocrx_word' id='word_1_821' title='bbox 219 5879 339 5934; x_wconf 89' lang='lat' dir='ltr'><strong>cap.</strong></span> <span class='ocrx_word' id='word_1_822' title='bbox 370 5866 462 5933; x_wconf 72' lang='grc'><strong>24,</strong></span> <span class='ocrx_word' id='word_1_823' title='bbox 491 5868 635 5921; x_wconf 88' lang='lat' dir='ltr'><strong>hom.</strong></span> <span class='ocrx_word' id='word_1_824' title='bbox 668 5868 719 5934; x_wconf 79' lang='lat' dir='ltr'><strong>i,</strong></span> <span class='ocrx_word' id='word_1_825' title='bbox 745 5868 807 5923; x_wconf 76' lang='lat' dir='ltr'><strong>de</strong></span> <span class='ocrx_word' id='word_1_826' title='bbox 841 5866 1005 5921; x_wconf 72' lang='lat' dir='ltr'><strong>verbis</strong></span> <span class='ocrx_word' id='word_1_827' title='bbox 1041 5868 1222 5937; x_wconf 81' lang='lat' dir='ltr'><strong>lsaia’,</strong></span> <span class='ocrx_word' id='word_1_828' title='bbox 1251 5870 1395 5923; x_wconf 90' lang='lat' dir='ltr'><strong>hom.</strong></span> <span class='ocrx_word' id='word_1_829' title='bbox 1426 5872 1475 5923; x_wconf 83' lang='lat' dir='ltr'><strong>iu</strong></span> <span class='ocrx_word' id='word_1_830' title='bbox 1506 5866 1787 5925; x_wconf 75' lang='lat' dir='ltr'><strong>serumlum</strong></span> 
     </span>
    </p>
   </div>
   <div class='ocr_carea' id='block_1_115' title="bbox 1902 5664 3473 5745">
    <p class='ocr_par' dir='ltr' id='par_1_115' title="bbox 1902 5664 3473 5745">
     <span class='ocr_line' id='line_1_115' title="bbox 1902 5664 3473 5745; baseline 0.01 -29"><span class='ocrx_word' id='word_1_831' title='bbox 1902 5664 2109 5745; x_wconf 71' lang='lat' dir='ltr'><strong>Domini</strong></span> <span class='ocrx_word' id='word_1_832' title='bbox 2158 5668 2471 5745; x_wconf 68' lang='lat' dir='ltr'><strong>adventum;</strong></span> <span class='ocrx_word' id='word_1_833' title='bbox 2504 5676 2651 5745; x_wconf 63' lang='lat' dir='ltr'><strong>hom.</strong></span> <span class='ocrx_word' id='word_1_834' title='bbox 2688 5674 2776 5737; x_wconf 70' lang='grc'><strong>12,</strong></span> <span class='ocrx_word' id='word_1_835' title='bbox 2827 5674 2882 5729; x_wconf 83' lang='lat' dir='ltr'><strong>in</strong></span> <span class='ocrx_word' id='word_1_836' title='bbox 2917 5675 3069 5737; x_wconf 81' lang='lat' dir='ltr'><strong>Acta,</strong></span> <span class='ocrx_word' id='word_1_837' title='bbox 3101 5675 3155 5742; x_wconf 85' lang='lat'><strong>6,</strong></span> <span class='ocrx_word' id='word_1_838' title='bbox 3187 5678 3243 5731; x_wconf 79' lang='lat' dir='ltr'><strong>in</strong></span> <span class='ocrx_word' id='word_1_839' title='bbox 3294 5676 3473 5745; x_wconf 74' lang='lat' dir='ltr'><strong>Epist.</strong></span> 
     </span>
    </p>
   </div>
   <div class='ocr_carea' id='block_1_116' title="bbox 1900 5735 3475 5820">
    <p class='ocr_par' dir='ltr' id='par_1_116' title="bbox 1900 5735 3475 5820">
     <span class='ocr_line' id='line_1_116' title="bbox 1900 5735 3475 5820; baseline 0.011 -34"><span class='ocrx_word' id='word_1_840' title='bbox 1900 5735 1969 5787; x_wconf 79' lang='lat' dir='ltr'><strong>ad</strong></span> <span class='ocrx_word' id='word_1_841' title='bbox 2004 5737 2257 5820; x_wconf 57' lang='lat' dir='ltr'><strong>Ephesios</strong></span> <span class='ocrx_word' id='word_1_842' title='bbox 2276 5760 2293 5808; x_wconf 88' lang='grc'><strong><em>;</em></strong></span> <span class='ocrx_word' id='word_1_843' title='bbox 2322 5743 2373 5810; x_wconf 79' lang='lat'><strong>3,</strong></span> <span class='ocrx_word' id='word_1_844' title='bbox 2404 5735 2471 5797; x_wconf 79' lang='lat' dir='ltr'><strong>ad</strong></span> <span class='ocrx_word' id='word_1_845' title='bbox 2504 5743 2738 5799; x_wconf 72' lang='lat' dir='ltr'><strong>Tltcssal.</strong></span> <span class='ocrx_word' id='word_1_846' title='bbox 2764 5735 2931 5815; x_wconf 85' lang='lat' dir='ltr'><strong>atque</strong></span> <span class='ocrx_word' id='word_1_847' title='bbox 2960 5762 3027 5804; x_wconf 79' lang='lat' dir='ltr'><strong>ex</strong></span> <span class='ocrx_word' id='word_1_848' title='bbox 3057 5735 3229 5804; x_wconf 51' lang='lat' dir='ltr'><strong>iis&#39;ad</strong></span> <span class='ocrx_word' id='word_1_849' title='bbox 3246 5735 3475 5805; x_wconf 75' lang='lat' dir='ltr'><strong>examen</strong></span> 
     </span>
    </p>
   </div>
   <div class='ocr_carea' id='block_1_117' title="bbox 1899 5823 2160 5865">
    <p class='ocr_par' dir='ltr' id='par_1_117' title="bbox 1899 5823 2160 5865">
     <span class='ocr_line' id='line_1_117' title="bbox 1899 5823 2160 5865; baseline 0.015 -4"><span class='ocrx_word' id='word_1_850' title='bbox 1899 5823 2086 5863; x_wconf 62' lang='grc' dir='ltr'>νυνι)ρά</span> <span class='ocrx_word' id='word_1_851' title='bbox 2099 5827 2160 5865; x_wconf 68' lang='grc'><strong>1⁵1.</strong></span> 
     </span>
    </p>
   </div>
  </div>
