4194 6444
218 404 355 468 113⁸1

1026 408 1122 467 DE
1164 408 1692 475 MONASTERIIS
1734 414 1986 477 [ΑΠΙίὸ
2031 417 2187 479 NON
2228 417 2692 480 TRADENDIS.

3348 421 3484 488 1138

215 523 501 577 Συσταθὲν
562 524 618 576 δὲ
677 526 773 578 καὶ
827 525 1223 581 ἀνακαινισθὲν
1268 533 1421 601 παρὰ
1482 550 1802 603 χαριστικα-

1912 544 2115 589 mutata
2164 538 2221 590 in
2259 538 2541 592 snburhia.
2570 536 2984 592 Constabilitum
3016 551 3144 593 vero
3185 539 3485 597 acinstau-

214 617 336 687 ρίου
378 616 495 687 (Η)
531 619 938 686 μοναστήριον,
977 620 1079 672 οὑκ
1118 620 1282 688 ἴσμεν
1315 625 1364 675 εί
1393 625 1751 696 εὑρεθήσεται
1784 644 1797 658 ’

212 710 353 763 ἀ).λὰ
378 711 473 763 καὶ
498 712 545 763 εἰ
572 711 959 780 εὑρεθήσεται,
996 717 1350 784 παρανομίας
1379 718 1554 785 δῶρον
1574 719 1708 781 Θεὸς
1739 721 1799 772 οὐ

213 801 528 871 προσίεται.
566 804 717 860 Τέως
755 807 1021 872 σήμερον,
1048 806 1115 858 τὰ
1138 806 1401 877 ἐλεύθερα
1423 802 1681 862 θάλλουσι
1710 812 1802 863 καὶ

210 894 516 946 ἐπιδιδόασι
538 911 554 926 ο
579 896 645 946 τὰ
680 896 737 948 δὲ
768 895 956 959 δοῦλα,
995 896 1384 953 καταλύονται.
1424 901 1495 953 Σὺ
1523 900 1580 953 δὲ
1614 902 1800 970 ὅμοιόν

210 1004 264 1039 τι
299 989 504 1056 λέγεις,
560 990 639 1059 τῷ
686 990 1081 1063 διατεινομένῳ
1122 995 1222 1063 τὴν
1277 994 1505 1066 διηνεκῆ
1552 995 1799 1050 δουλείαν

210 1081 505 1150 κρείττονα
533 1078 675 1135 εἶναι
700 1086 804 1152 τῆς
836 1085 1179 1154 ἐλευθερίας.
1212 1088 1337 1141 Ὀτι
1364 1089 1420 1142 δὲ
1455 1090 1555 1141 οὐκ
1586 1091 1677 1142 ἐπὶ
1707 1108 1799 1143 συ-

212 1172 405 1225 στάσει
429 1175 523 1227 καὶ
544 1173 779 1245 διαμονῇ
811 1176 987 1229 ταῦτα
1011 1178 1341 1249 δωροῦνται,
1372 1180 1534 1250 δῆλον
1559 1182 1795 1238 ἐκεῖθεν.

215 1265 290 1318 Οὐ
328 1265 442 1336 γὰρ
478 1266 545 1318 τὰ
588 1267 1007 1338 καταλελυμένα
1051 1270 1354 1343 δωροῦνται
1383 1287 1396 1300 ’
1427 1272 1565 1326 ἀλλὰ
1598 1274 1799 1344 μᾶλλον

210 1358 282 1410 τὰ
314 1359 716 1426 συνιστάμενα,
752 1363 849 1414 καὶ¹
894 1362 1098 1433 εὐθαλῆ
1142 1364 1243 1435 τὴν
1283 1366 1546 1436 πρόσοδον
1578 1367 1795 1438 ἔχοντα.

218 1450 333 1503 Καὶ
363 1453 395 1519 ὴ
432 1453 552 1514 ταῖς
591 1452 765 1515 ἐνίαις
793 1453 849 1505 δὲ
877 1454 984 1507 τῶν
1009 1455 1233 1524 δωρεῶν
1272 1460 1654 1532 προσκειμένῃ
1697 1460 1794 1532 [αΙ.

215 1542 589 1615 προκειμένη]
622 1546 785 1613 χάρις
833 1546 987 1619 δηλοῖ
1014 1550 1173 1603 τοῦτο
1213 1552 1580 1624 σαφέστερον,
1620 1556 1680 1607 ἐν
1715 1552 1798 1619 οἷς

208 1637 351 1704 φησὶ
385 1637 488 1700 τὰς
521 1640 660 1706 μετά
680 1638 779 1709 τὴν
799 1641 1037 1712 τυπικὴν
1067 1642 1167 1710 τῆς
1196 1644 1363 1712 μονῆς
1394 1645 1571 1709 ἔξοδον
1601 1664 1795 1718 περιτ-

206 1724 474 1787 τευούσας
504 1728 828 1795 προσόδους,
870 1730 1289 1797 ἀποκερδαίνειν
1324 1734 1796 1806 ἀλογοπραγήτως

205 1811 299 1865 τὸν
333 1815 773 1885 χαριστικάριον.
832 1818 894 1869 Ei
928 1817 983 1871 δὲ
1016 1819 1180 1871 πάλιν
1211 1820 1359 1888 λέγει
1404 1822 1501 1893 [αι.
1535 1823 1793 1895 levata],

205 1904 286 1956 ὅτι
326 1905 417 1958 διὰ
437 1906 497 1959 τὸ
530 1907 997 1974 ὲξκουσσεύεσθαι
1033 1912 1142 1966 ἀπὸ
1170 1913 1278 1966 τῶν
1304 1916 1591 1985 ἑπηρειῶν
1630 1916 1792 1971 τοῦτο

207 1994 574 2063 πράττουσιν,
610 1997 995 2052 ἀκουέτωσαν·
1019 2001 1082 2054 τὸ
1112 2004 1447 2073 ἐπηρεάζειν
1485 2007 1517 2076 ἢ
1563 2008 1636 2080 μὴ
1691 2013 1790 2062 ἐπ-

204 2084 492 2154 ηρεάζειν,
527 2089 625 2157 τῆς
682 2090 836 2159 ὑμῶν
885 2092 1135 2157 ἐξουσίας
1182 2097 1334 2148 ἐστί·
1370 2098 1617 2152 παύσατε
1664 2103 1792 2165 τοὺς

201 2178 590 2249 δπηρεαστὰς,
631 2183 727 2236 καὶ
773 2185 1157 2249 ὲξκουσσάτων
1190 2189 1285 2262 [al.
1334 2193 1791 2269 ὲξκουσσάτοςος]

202 2270 372 2342 χρεία
404 2271 505 2325 οὐκ
541 2272 717 2328 ἔστιν.
762 2275 823 2328 Ὀ
862 2278 971 2347 γὰρ
1029 2280 1205 2334 ταῦτα
1260 2283 1436 2351 λέγων
1475 2287 1656 2344 ἔοικεν
1694 2291 1794 2361 ἄρα

202 2381 379 2433 χοντι,
413 2364 703 2436 ἐλεύθερον
738 2369 949 2439 πένητα
999 2372 1089 2425 διὰ
1134 2375 1244 2428 τῶν
1280 2378 1447 2431 αὑτοῦ
1498 2382 1791 2453 ὑπηρετῶν

203 2456 649 2525 ξενοπροσὼπως
684 2460 1070 2529 ὲπηρεάζοντι,
1099 2462 1217 2519 εἶτα
1247 2472 1326 2532 εἰς
1350 2470 1497 2526 ἔλεον
1518 2474 1679 2543 δῆθεν
1696 2476 1790 2531 τοῦ

205 2548 449 2618 πένητος
483 2551 781 2621 κινηθέντι,
818 2556 913 2608 καί⁵
958 2560 1356 2627 προστάξαντι,
1402 2567 1540 2634 μετὰ
1573 2570 1792 2622 πάντων

199 2642 314 2694 τῶν
373 2645 691 2713 προσόντων
744 2646 917 2717 αὐτῷ,
973 2653 1068 2704 καὶ
1113 2653 1213 2723 τὴν
1266 2656 1587 2727 ἐλευθερίαν
1622 2664 1788 2718 αὑτοῦ

199 2738 529 2805 ἁιρελέσθαι,
559 2742 651 2793 καὶ
673 2743 863 2797 δοῦλον
891 2740 1033 2801 εἶναι
1056 2750 1173 2802 ἀντ’
1205 2752 1498 2824 ἐλευθέρου
1539 2773 1552 2786 °
1593 2760 1679 2813 ἵνα
1711 2762 1788 2832 μὴ

199 2829 615 2903 ὲπηρεάζηται,
645 2836 801 2905 φησί.
833 2838 1038 2907 Σκῆψις
1064 2840 1239 2894 ταῦτα
1262 2848 1354 2897 καὶ
1378 2829 1789 2916 πρόφασις,

197 2922 302 2993 τῆς
340 2922 800 2994 αἰσχροκερδείας
834 2928 1291 3000 ἐπικαλύμματα.
1330 2936 1467 2990 Ποία
1503 2940 1790 3009 εὐαγγελι-

196 3015 269 3086 κὴ
302 3016 403 3068 καὶ
431 3016 549 3069 θεία
576 3018 729 3087 φωνὴ
763 3018 1089 3088 ἐνετείλατο,
1130 3027 1258 3078 ποία
1286 3028 1621 3104 ἀποστολικὴ
1645 3054 1786 3107 παρ-

202 3108 418 3171 αίνεσις
437 3109 742 3176 διετάξατο,
779 3115 907 3167 ποία
927 3118 1175 3188 πατρικὴ
1206 3119 1299 3172 καὶ
1333 3126 1586 3198 κονονικὴ
1612 3129 1788 3199 παρά-

196 3202 355 3265 δοσις
412 3203 584 3269 ὥρισε
614 3246 628 3268 ,

194 3293 402 3356 αἰῶνος
434 3294 714 3358 ἐθέσπισε,
749 3300 879 3350 ναὸν
922 3301 1101 3367 ἅγιον,
1141 3307 1236 3356 καὶ
1270 3312 1640 3381 μοναστήριον
1678 3317 1783 3367 δω-

195 3387 419 3457 ρεῖσθαί
459 3406 600 3453 sive;
636 3391 754 3444 οὐδὲ
789 3394 897 3461 γὰρ
929 3394 1085 3447 αὐτοὶ
1118 3399 1167 3449 oi
1201 3399 1465 3471 Ἕλληνες
1496 3406 1785 3476 εὑρίσκον-

194 3491 283 3528 ται
314 3476 601 3529 εξδω)ικὸν
632 3497 755 3532 τινα
784 3483 913 3533 ναόν
941 3486 1068 3537 ποτέ
1102 3503 1206 3539 τινι
1250 3489 1660 3563 δωρησάμενοι.
1713 3499 1786 3551 Τὸ

193 3564 328 3630 γοῦν
350 3565 507 3636 παρὰ
524 3567 695 3620 ταῦτα
713 3571 1021 3639 γινόμενον,
1042 3577 1127 3637 τίς
1161 3576 1226 3629 ἂν
1260 3576 1526 3649 λογισμοῦ
1558 3586 1779 3655 Κύριος,

194 3658 408 3725 ἀγαθὸν
444 3661 654 3731 καλέσῃ
689 3663 721 3731 ἢ
766 3666 1072 3735 συμφέρον,
1124 3670 1156 3739 ἦ
1197 3672 1531 3741 οἰκονομίαν,
1569 3678 1600 3747 ἢ
1651 3698 1785 3751 προ-

197 3752 513 3823 μήθειαν,ῆ
545 3754 815 3821 ὠφέλειαν
839 3761 933 3811 καὶ
966 3760 1225 3817 σύστασιν
1246 3782 1259 3796 ·
1282 3766 1399 3818 ἀλλ’
1427 3770 1548 3839 οὐχὶ
1584 3774 1782 3841 μᾶλλον

196 3845 519 3914 παράϐασιν
556 3849 649 3899 καὶ
676 3853 984 3923 παρακοὴν,
1020 3856 1113 3906 καὶ
1144 3860 1498 3929 παρανομίαν
1546 3864 1784 3937 ἐσχάτην

194 3940 295 3991 καὶ
325 3940 609 4007 ὀλεθρία-ις
640 3943 775 3996 Εἰπὲ
810 3946 918 4012 γάρ
952 3965 1073 4013 μοι,
1108 3950 1156 4001 εἰ
1189 3953 1216 4001 ὁ
1249 3952 1326 4020 τῷ
1358 3955 1585 4025 ὲπιγείῳ
1614 3960 1781 4012 ἀντά-

196 4048 296 4098 ρας
335 4031 572 4098 βασιλεῖ,
610 4035 705 4087 καὶ
736 4036 805 4087 τὰ
842 4042 1193 4109 προσήκοντα
1228 4045 1378 4114 αὑτῷ
1407 4050 1668 4117 χρήματα
1688 4056 1782 4106 καὶ

193 4122 455 4190 κτήματα
513 4127 1015 4195 σφετερισάμενος,
1083 4132 1280 4188 ἔπειτα
1339 4138 1397 4190 δὲ
1459 4142 1553 4192 καὶ
1613 4144 1778 4197 αὐτοῦ

195 4214 567 4281 στρατοπέδου
595 4214 1015 4293 [στρατόπεδον]
1048 4223 1304 4295 δυνηθεὶς
1328 4230 1664 4301 ἀποστῆσαι,
1687 4238 1780 4289 καὶ

196 4303 288 4370 ὑφ’
321 4305 520 4357 ἑαυτὸν
555 4309 918 4378 ποιήσασθαι,
945 4315 1133 4367 οὐκέτι
1166 4318 1287 4371 ἐστὶ
1320 4320 1508 4386 δοῦλος
1561 4330 1780 4392 πάντως

195 4396 226 4464 ἧ
260 4397 417 4463 φίλος
448 4398 545 4451 τοῦ
578 4398 866 4469 βασιλέως,
899 4405 1017 4458 ἀλλ’
1048 4408 1245 4479 ἐχθρὸς
1285 4414 1378 4465 καὶ
1422 4418 1682 4486 πολέμιος
1713 4439 1725 4451 ·
1751 4424 1778 4474 ὁ

192 4492 261 4543 τὰ
308 4491 389 4560 τῷ
443 4492 758 4564 ἐπουρανίῳ
807 4496 1025 4566 βασιλεῖ
1072 4502 1296 4573 Χριστῷ
1346 4509 1424 4579 τῷ
1464 4512 1584 4580 Θεῴ
1616 4515 1775 4582 ἡμῶν

194 4584 599 4655 ἁνατεθειμὲνα
639 4588 762 4643 θεῖα
804 4593 901 4645 καὶ
953 4594 1077 4665 ιερὰ
1124 4599 1466 4670 πράγματα,
1505 4599 1593 4659 οἷα
1628 4608 1673 4660 δ’
1708 4609 1773 4662 ἂν

191 4677 285 4728 καὶ
315 4672 454 4743 εἶεν,
481 4680 684 4734 κοινῶν
717 4683 810 4735 καὶ
841 4687 1303 4757 σφετεριζόμενος
1330 4695 1423 4746 καὶ
1459 4696 1643 4761 ἄλλοις
1667 4704 1771 4754 δω-

190 4769 483 4837 ρούμενος,
517 4771 599 4824 ἔτι
630 4773 687 4826 δὲ
712 4776 809 4829 καὶ
839 4777 899 4829 τὸ
924 4778 1069 4832 Θεῖον
1091 4784 1182 4833 καὶ
1222 4783 1367 4853 ἱερὸν
1391 4788 1558 4841 αὑτοῦ
1600 4809 1770 4862 στρα-

186 4861 412 4913 τόπεδον
438 4878 452 4892 ’
486 4865 633 4933 φημὶ
653 4864 738 4936 δὴ,
762 4868 822 4919 τὸ
842 4868 951 4920 τῶν
974 4873 1228 4941 μοναχῶν
1260 4875 1356 4928 καὶ
1388 4861 1765 4947 μοναζουσῶν·

185 4952 245 5003 οὐ
275 4953 441 5022 μόνον
463 4952 552 5007 διὰ
577 4954 677 5024 τῆς
703 4956 813 5010 τῶν
840 4959 1159 5028 ἀναγκαίων
1188 4965 1397 5031 ἐνδείας
1435 4971 1643 5034 πιέζων
1672 4978 1767 5028 καὶ

192 5045 567 5114 στενίχωρῶν,
603 5047 743 5101 ἀλλά
780 5051 877 5103 καὶ
905 5052 994 5105 διὰ
1016 5053 1229 5124 δωρεᾶς
1255 5059 1566 5129 ἀνθρώποις
1596 5082 1769 5119 κατα-

186 5138 414 5201 ἇουλῶν,
448 5141 541 5193 καὶ
569 5142 697 5195 ὅσον
718 5144 779 5195 τὸ
799 5144 886 5197 ἐπ’
913 5147 1076 5200 αὑτὸν
1106 5148 1421 5217 ἀφιστάνων
1451 5157 1648 5222 αὐτοὺς
1672 5162 1767 5214 τοῦ

186 5232 521 5299 ἐπουρανίου
552 5233 840 5303 βασιλέως,
884 5239 1003 5304 πῶς
1026 5240 1249 5296 δύναται
1278 5243 1420 5299 εἷναι
1450 5247 1482 5318 ἢ
1508 5249 1765 5318 λέγεσθαι

1907 637 2087 683 ratum
2140 644 2168 682 a
2237 630 2618 685 eharisticario
2670 632 3083 695 monasterium,
3129 646 3197 685 an
3252 631 3483 688 inveniri

1905 729 2065 787 queat
2118 721 2461 789 ignoramus:
2519 722 2609 775 sed
2643 721 2769 776 licet
2801 721 3154 786 inveniretur,
3183 723 3488 792 iniquitatis

1907 814 2104 866 donum
2145 828 2248 868 non
2291 814 2529 866 admittit
2568 814 2732 868 Deus.
2794 812 2993 867 Verum
3052 813 3237 879 hodie,
3271 830 3393 884 qua:
3420 817 3488 871 li-

1904 905 2033 958 hcra
2076 916 2222 969 sunt,
2295 920 2356 958 ea
2414 904 2626 969 ﬂorent,
2686 914 2739 958 et
2780 906 3003 975 eapiunt
3040 904 3483 971 incrementum;

1904 1010 2025 1064 qua:
2071 1010 2249 1061 serva,
2302 1006 2641 1050 evertuntur.
2685 996 2763 1049 Tn
2812 1011 2941 1050 vero
2980 993 3156 1050 simile
3195 996 3324 1063 quid
3359 1011 3487 1063 pro-

1906 1089 2015 1142 fers
2044 1089 2116 1153 ei,
2149 1089 2240 1157 qui
2298 1090 2651 1142 contenderet
2692 1096 3002 1155 perpetuam
3068 1089 3389 1143 servitutem
3420 1089 3489 1142 li-

1902 1180 2113 1234 bertate
2146 1183 2409 1249 potiorem
2451 1194 2592 1235 esse.
2665 1179 2817 1246 Quod
2855 1195 3019 1250 porro
3059 1196 3163 1235 non
3191 1182 3259 1235 ad
3313 1181 3486 1236 stabi-

1902 1271 2183 1325 limentum
2255 1282 2309 1325 ct
2393 1273 2850 1342 perseverantiam
2932 1271 3021 1325 illa
3099 1272 3318 1340 dentur,
3357 1273 3486 1327 hine

1901 1373 2143 1417 constat.
2211 1364 2326 1417 Non
2368 1365 2511 1417 enim
2560 1365 2671 1432 jam
2712 1362 2975 1417 dissoluta
3036 1364 3335 1431 donantur,
3386 1364 3485 1419 sed

1902 1454 2083 1522 potius
2129 1455 2352 1516 stantia,
2416 1464 2578 1520 atque
2628 1454 2859 1506 reditum
2920 1452 3187 1507 habentia,
3236 1453 3483 1507 uberem.

1902 1545 2118 1600 Necnon
2184 1546 2509 1614 quibusdam
2569 1546 2917 1599 donationunt
2955 1545 3336 1614 additagratia
3370 1560 3483 1599 rent

1899 1640 2140 1705 apertius
2190 1639 2458 1702 declarat,
2518 1654 2639 1690 cum
2697 1638 2916 1701 dititur,
2981 1648 3041 1692 ut
3098 1639 3307 1694 reditus
3363 1648 3487 1708 post

1902 1730 2202 1795 regularem
2264 1710 2583 1783 monasterii
2643 1743 2937 1797 expensam
2972 1730 3244 1792 residuos,
3297 1729 3485 1783 chari-

1902 1822 2160 1875 sticarius
2214 1823 2457 1876 obtineat
2508 1825 2716 1889 absque
2758 1823 3027 1876 rationum
3059 1824 3387 1877 redditione.
3419 1823 3478 1877 Si

1901 1928 2028 1966 vero
2063 1928 2248 1966 rursus
2290 1913 2552 1975 dixerint,
2619 1930 2677 1968 se
2708 1914 2758 1967 id
2791 1930 2974 1983 agere,
3021 1924 3077 1969 ut
3105 1930 3134 1967 a
3174 1915 3483 1969 vexationi-

1900 2007 2000 2061 bus
2032 2007 2347 2059 immunitas
2396 2014 2711 2074 prmstctur,
2751 2007 2974 2061 audiant
3026 2009 3478 2077 responsionem:

1903 2099 2113 2154 Vexare
2164 2109 2256 2153 aut
2294 2115 2397 2152 nun
2439 2114 2654 2165 vexare,
2708 2101 2761 2152 in
2806 2109 2981 2154 vestra
3044 2108 3312 2169 potestate
3352 2109 3479 2155 est:

1895 2191 2238 2261 comprimite
2297 2200 2603 2254 vexatores,
2658 2207 2757 2245 nec
2788 2193 2893 2245 crit
2935 2206 3072 2261 opus
3118 2192 3483 2247 immunitati-

1895 2283 2019 2337 bus.
2089 2282 2220 2336 Nam
2268 2284 2360 2351 qui
2393 2282 2506 2336 haec
2532 2282 2791 2352 loquitur,
2828 2284 3027 2339 similis
3087 2293 3171 2339 est
3237 2285 3478 2355 praesidi,

1897 2376 1991 2445 qui
2040 2375 2270 2431 liberum
2320 2391 2615 2447 μωρίη-ειη
2659 2392 2756 2447 per
2796 2378 3078 2434 ministros
3132 2394 3260 2434 suos
3322 2381 3481 2450 quasi

1897 2470 1999 2526 sub
2032 2469 2134 2524 alia
2155 2484 2384 2540 persona
2416 2478 2661 2534 vexaret,
2692 2470 2890 2526 deinde
2914 2471 2981 2526 ad
3018 2472 3477 2539 misericordiam,

1897 2569 2127 2635 scilicet,
2182 2570 2438 2639 pauperis
2472 2580 2653 2625 motus
2705 2578 2873 2634 esset,
2926 2570 3297 2639 jussissetque
3351 2587 3479 2626 cunt

1895 2663 2146 2718 omnibus
2178 2662 2293 2730 ejus
2312 2664 2689 2728 facultatibus,
2710 2664 2875 2718 etiam
2910 2664 3216 2718 libertatem
3248 2664 3478 2728 auferri,

1893 2762 1947 2808 et
2002 2769 2096 2821 pro
2151 2753 2321 2806 libero
2368 2767 2585 2807 servum
2651 2753 2798 2807 illum
2872 2754 3028 2822 ﬁeri;
3115 2769 3183 2809 ne
3232 2766 3478 2820 vexetur,

1896 2846 2102 2900 diceret
2135 2864 2147 2900 :
2209 2838 2379 2900 Fit-tio
2412 2847 2513 2901 ista
2548 2858 2696 2912 sunt,
2735 2857 2789 2902 et
2838 2858 3157 2919 praeteritus,
3197 2850 3481 2918 turpisque

1893 2938 2029 2992 lucri
2071 2938 2357 2993 velamina.
2387 2938 2647 3005 Quaenam
2696 2941 3010 3011 evangelica
3040 2942 3339 3013 divinaque
3368 2958 3500 2996 vox-

1894 3032 2188 3096 mandavit,
2219 3031 2494 3099 quodnam
2549 3034 2924 3103 apostolorum
2966 3034 3234 3090 monitum
3266 3038 3478 3091 consti-

1897 3124 2020 3186 tuit,
2045 3123 2349 3193 qualisnam
2387 3125 2604 3180 Patrum
2638 3134 2694 3180 et
2724 3141 2992 3181 canonum
3027 3128 3249 3182 traditio
3276 3130 3473 3184 delini-

684 3207 817 3260 ποία
871 3210 1127 3282 πολιτικὴ
1180 3216 1475 3285 νομοθεσία
1524 3222 1633 3274 ἀπὸ
1690 3224 1784 3277 τοῦ

1892 3215 1989 3280 vit,
2038 3232 2159 3286 qua:
2206 3217 2383 3272 civilis
2418 3218 2782 3274 lexasaaculo
2835 3220 3037 3284 sanxit,
3094 3229 3152 3274 ut
3206 3221 3470 3291 templum

1890 3320 2146 3363 sanctum
2183 3320 2235 3364 et
2267 3312 2654 3365 monasterium
2682 3312 2917 3383 cuipiam
2956 3314 3286 3368 concedatur
3316 3315 3340 3367 ?
3368 3314 3474 3369 Ne-

1891 3415 1999 3469 que
2028 3402 2176 3455 enim
2241 3401 2324 3456 vel
2377 3403 2475 3470 ipsi
2531 3403 2760 3473 gentiles
2812 3406 3156 3475 reperiuntur
3235 3423 3473 3477 unquam

1892 3496 2017 3553 idoli
2047 3498 2305 3567 templum
2349 3498 2511 3554 alicui
2534 3500 2846 3557 tradidisse.
2899 3502 3052 3569 Quod
3085 3503 3250 3575 igitur
3270 3517 3461 3560 contra

1889 3595 2003 3649 haec
2059 3596 2135 3661 tit,
2184 3596 2306 3663 quis
2341 3606 2521 3650 mente
2562 3598 2821 3665 praeditus
2861 3600 3058 3653 bonum
3091 3600 3465 3669 appellaverit,

1887 3696 1980 3740 aut
2000 3668 2369 3750 Commodum,
2386 3688 2861 3757 dispensationem,
2884 3690 3298 3760 providentiam,
3326 3694 3471 3748 utili-

1891 3790 2079 3843 tatem,
2112 3792 2164 3834 et
2194 3782 2726 3848 commodationem;
2784 3799 2846 3837 ac
2881 3800 2985 3838 non
3049 3787 3229 3856 potius
3284 3797 3466 3842 trans-

1887 3873 2243 3943 gressionem,
2269 3874 2719 3941 inobedientiam,
2776 3878 3116 3946 iniquitatem
3156 3889 3459 3935 extremam

1886 3979 1947 4019 ac
1998 3966 2570 4033 perniciosissimam?
2627 3966 2803 4022 Elfare
2841 3968 2972 4022 mihi
3006 3984 3022 4024 :
3065 3970 3109 4024 si
3166 3972 3212 4026 is
3241 3956 3465 4040 quiad-

1883 4070 2075 4108 versus
2140 4066 2412 4110 terrenum
2439 4058 2821 4125 imperatorem
2861 4059 3170 4125 rebellavit,
3198 4064 3457 4130 pecunias

1882 4146 2364 4216 possessionesque
2399 4149 2464 4201 ad
2487 4165 2609 4203 eum
2636 4149 2972 4219 pertinentes
2999 4151 3293 4206 vindicavit
3327 4154 3458 4221 sibi,

1881 4237 2075 4291 deinde
2113 4239 2410 4291 exercitum
2446 4239 2561 4309 ejus
2594 4240 2770 4309 potuit
2802 4250 3051 4295 avertere
3080 4242 3294 4311 sibique
3315 4256 3453 4297 con-
3524 4316 3529 4317 ί

1882 4330 2087 4393 ciliare,
2126 4346 2227 4384 non
2266 4332 2487 4385 omnino
2518 4332 2748 4400 amplius
2781 4333 3226 4404 estimperatoris
3256 4352 3451 4391 servus

1881 4421 1964 4475 vel
2006 4422 2239 4486 amicus,
2277 4423 2372 4477 sed
2428 4423 2685 4479 inimicus
2734 4436 2789 4479 et
2844 4426 3047 4490 hostis;
3101 4427 3191 4495 qui
3249 4428 3460 4483 etnlesti

1882 4512 2195 4581 imperatori
2249 4514 2466 4569 Christo
2522 4514 2631 4569 Deo
2682 4527 2871 4571 nostro
2920 4518 3193 4574 dedicatas
3245 4520 3461 4575 divinas

1881 4621 2177 4675 sacrasque
2204 4624 2309 4673 res,
2361 4609 2763 4679 qualescunque
2824 4610 2926 4667 illa;
2976 4622 3129 4677 sunt,
3185 4613 3458 4683 profanat.

1880 4699 2204 4765 intervertit,
2237 4701 2405 4755 donat
2440 4702 2584 4767 aliis,
2648 4713 3019 4774 praetereaque
3067 4705 3312 4759 divinum
3367 4721 3461 4762 sa.-

1876 4806 2139 4859 crumque
2200 4793 2314 4862 ejus
2357 4794 2655 4848 exercitum
2699 4795 3041 4865 (monachos
3093 4806 3150 4851 et
3194 4798 3460 4855 moniales

1880 4885 2167 4956 inlell‘go)
2216 4905 2319 4943 nott
2390 4888 2562 4942 solum
2630 4906 2727 4960 per
2780 4906 2958 4946 rerum
3020 4893 3459 4949 necessariarum

1880 4979 2230 5049 indigentiam
2299 4983 2498 5050 premit
2556 4994 2609 5035 et
2662 4994 2935 5057 angustat,
2990 4986 3086 5039 sed
3147 4986 3314 5040 etiam
3363 5002 3460 5057 per

1879 5072 2078 5125 doaum
2096 5072 2409 5127 hominibus
2431 5075 2482 5127 in
2504 5075 2821 5129 servitutem
2854 5077 3037 5142 tradit,
3082 5090 3459 5150 quantumque

1879 5164 1931 5217 in
1960 5179 2018 5218 se
2043 5176 2125 5218 est.
2170 5176 2359 5218 avocat
2399 5183 2426 5218 a
2458 5165 2661 5220 caelesti
2696 5168 3049 5237 imperatore,
3093 5184 3203 5238 qua
3239 5172 3453 5225 ratione

1878 5270 2001 5311 esse
2028 5267 2121 5311 aut
2145 5257 2249 5312 dici
2284 5268 2456 5326 potest
2502 5258 2884 5316 christianus?
2920 5260 3011 5317 Sic
3037 5276 3167 5332 ergo
3202 5263 3457 5320 inimicus

1342 5408 1526 5470 Joan.
1568 5411 1744 5490 Bapt.
1780 5413 2077 5476 Cotelerii
2114 5425 2294 5477 notae.

215 5592 227 5602 _
258 5522 370 5602 (ti)
401 5524 895 5602 Χαριστικαρίῳν.
931 5529 1329 5596 Charisticarii,
1361 5544 1414 5589 et
1438 5538 1757 5594 charistiea-

185 5592 299 5672 riae,
335 5592 477 5646 iul‘ra
512 5610 523 5647 :
556 5592 752 5672 quibus
791 5599 843 5651 in
880 5602 1196 5655 beneﬁcium
1224 5616 1277 5657 et
1307 5592 1535 5672 gratiam
1573 5592 1756 5665 trade-

185 5664 385 5738 bantur
410 5666 887 5738 ac‘prrebebantur
915 5675 1277 5738 monasteria;
1308 5664 1476 5730 laicis
1527 5678 1641 5733 loca
1670 5664 1756 5735 sa-

183 5746 309 5805 cra;
341 5735 697 5805 beneliciarii,
722 5741 1099 5805 praebendarii.
1129 5735 1395 5797 Vide-tum
1421 5746 1755 5804 Glossarium

180 5800 408 5856 Joannis
442 5803 691 5875 Meursii,
723 5800 851 5862 'tnm
891 5810 1263 5867 Balsamonem
1302 5816 1369 5869 ad
1401 5800 1757 5875 canonemlll

184 5887 255 5928 vtt
290 5873 497 5945 synodi,
532 5884 585 5930 ct
629 5875 721 5936 Jus
764 5879 1282 5939 Grteco-liomanutn
1318 5902 1368 5955 p.
1409 5887 1523 5953 liii,
1556 5890 1679 5946 ilbi.
1716 5873 1757 5945 Λ

1863 5543 2073 5619 Latinis
2130 5545 2522 5611 ablrtcomites,
2577 5548 2969 5610 abhicomites;
3024 5548 3245 5603 abbate:
3295 5550 3440 5619 laici,

1863 5616 2088 5669 abbatcs
2122 5619 2412 5672 milites.et
2438 5619 2709 5673 abbatiani
2736 5619 3094 5684 appellantur.
3130 5620 3185 5673 ln
3213 5616 3449 5675 concilio

1862 5684 2145 5756 Meldensi,
2175 5685 2497 5741 Antichristi
2543 5697 2597 5741 et
2634 5689 2930 5756 apocryphi
2965 5698 3225 5745 rectores.
3263 5691 3444 5754 Beda),

1867 5704 2145 5748 mentenSI,
2175 5704 2497 5741 AHUCIII'ISH
2543 5704 2597 5741 et
2634 5704 2661 5741 a
2707 5704 2930 5756 ocrypttt
2965 5704 3225 5745 rectores.
3263 5704 3444 5754 uena},

1867 5753 1940 5808 De
1970 5755 2136 5829 lqicis,
2180 5770 2282 5829 non
2316 5758 2575 5829 monachi
2598 5704 2704 5813 seti)
2718 5757 2959 5814 abbates.
2995 5758 3249 5829 Egberto,
3277 5762 3449 5818 abba-

1866 5834 1943 5881 tcs
1972 5826 2087 5882 sine
2113 5826 2318 5883 ot'dinc.
2352 5828 2482 5883 Aliis
2513 5828 2687 5884 aliter.
