4194 6444
717 381 859 446 1139

1926 378 2169 437 JOANN
2184 378 2250 436 IS
2296 375 2772 437 ANTIOCIIENI

3847 371 3995 434 1140

712 513 807 553 eos
841 499 932 568 qui
969 497 1165 552 divinis
1194 498 1330 550 citra
1366 496 1614 548 timerem
1662 494 1943 555 insultant,
1974 507 2146 562 eaque
2178 506 2283 544 non

2416 490 2723 561 ίριστιανός
2749 506 2764 556 ;
2816 488 2960 542 οὕτω
2991 487 3093 559 μὲν
3123 488 3215 543 οὖν
3244 490 3272 542 ό
3309 486 3506 559 ἐχθρὸς
3536 490 3663 549 τοὺς
3691 487 3799 538 τῶν
3824 484 3989 535 θείων

715 600 775 643 ut
806 590 920 654 Dei,
969 589 1064 643 sed
1105 596 1162 640 ut
1193 602 1289 640 sua
1328 595 1598 656 reputant,
1636 600 1699 637 ac
1732 584 1853 637 ideo
1882 583 2076 651 quibus
2108 584 2297 636 volunt

714 682 1040 750 largiuntur,
1079 695 1284 735 veneno
1312 681 1610 733 animarum
1637 677 1867 731 infectos
1906 676 2194 739 interimit,
2237 686 2297 729 ut

717 786 881 841 supra
910 770 1243 825 declaratum
1271 777 1376 823 est.
1438 768 1513 823 De
1554 767 1753 837 quibus
1779 783 1809 823 c
1853 766 2094 837 pluribus
2129 781 2297 835 pauca

716 862 862 916 dicta
894 863 1025 917 sint.

787 954 928 1011 XIV.
966 955 1040 1011 De
1074 956 1142 1010 iis
1197 968 1325 1009 vero
1353 953 1443 1022 qui
1475 951 1794 1007 donationes
1829 951 1926 1005 has
1971 951 2297 1020 suscipiunt,

716 1060 857 1115 quos
922 1044 1258 1100 consuetudo
1312 1044 1454 1098 maia
1505 1042 1916 1096 eharisticarios
1969 1042 2296 1106 nominavit,

716 1152 943 1193 necesse
972 1148 1056 1192 est
1079 1147 1140 1192 ut
1163 1137 1467 1205 loquamur.
1495 1133 1628 1189 Nam
1667 1134 1826 1189 simul
1858 1149 1920 1188 ac
1955 1134 1998 1189 is
2046 1135 2297 1204 sumpsit,

716 1230 861 1283 heu!
895 1229 1307 1295 monasterium,
1354 1226 1639 1283 confestim
1691 1225 1995 1296 inexpletas
2047 1226 2291 1280 avaritia:

719 1324 876 1377 sinus
913 1324 1245 1392 expandens,
1283 1321 1467 1376 omnia
1520 1319 1666 1375 illius
1721 1334 1787 1374 eo
1847 1320 2127 1386 recondit;
2196 1334 2299 1372 non

718 1413 881 1469 modo
935 1414 1144 1478 domos,
1179 1411 1463 1472 suburbia,
1515 1410 1794 1475 animalia,
1862 1410 2064 1463 reditus
2121 1410 2302 1463 omnis

722 1505 961 1575 generis,
1007 1504 1101 1559 sed
1134 1512 1191 1561 et
1239 1504 1435 1572 templa
1471 1504 1629 1572 ipsa;
1674 1503 1738 1555 ad
1785 1503 1899 1556 haec
1954 1504 2301 1572 praepositum

722 1607 778 1651 ct
824 1595 1142 1660 monachos,
1180 1610 1369 1651 servos
1415 1604 1635 1658 censet;
1681 1609 1871 1649 omnes
1894 1595 2212 1663 omniaque,
2249 1605 2309 1649 ut

719 1704 808 1742 res
847 1686 989 1755 juris
1015 1688 1099 1744 sui
1132 1687 1329 1752 habet;
1358 1702 1423 1742 ac
1449 1696 1704 1756 tanquam
1729 1689 1943 1757 propria
1994 1688 2306 1743 haereditate

722 1778 964 1835 abutitur
1017 1780 1221 1848 absque
1273 1778 1467 1832 timore
1517 1788 1677 1849 prout
1708 1780 1865 1845 vult;
1916 1794 2015 1834 nec
2065 1794 2300 1849 unquam

2400 583 2575 647 ἀδεῶς
2607 583 3111 653 κατορχουμένους,
3142 583 3237 634 καὶ
3260 581 3436 635 ταῦτα
3458 582 3559 651 οὐχ
3578 580 3652 641 ὡς
3685 579 3847 638 Θεοῦ,
3872 577 3989 630 ἀλλ’

2399 678 2473 743 ὡς
2505 678 2613 731 ἴδια
2644 678 3063 747 λογιζομένους,
3114 678 3214 730 καὶ
3267 677 3356 730 διὰ
3397 676 3560 728 τοῦτο
3591 670 3670 737 οἷς
3703 673 3987 743 βούλονται

2400 770 2821 840 χαριζομένους,
2870 769 3121 839 ψυχικῶς
3173 768 3579 839 φαρμακεύων,
3628 767 3869 835 ἀναιρεῖ,
3910 763 3988 826 ὡς

2401 862 2829 932 προδεδήλωται.
2867 862 3003 929 Περὶ
3037 855 3112 914 ὧν
3162 862 3226 914 ὲκ
3260 860 3476 913 πολλῶν
3524 860 3686 926 ὀλίγα
3722 856 3987 927 εἰρήσθω.

2473 952 2569 1007 1Δ’.
2596 954 2667 1006 Hs
2679 953 2734 1022 pi.
2756 953 2810 1007 δὲ
2844 952 2952 1006 τῶν
2989 952 3089 1016 τὰς
3112 952 3319 1021 δωρεᾶς
3344 950 3548 1014 ταύτας
3578 948 3991 1017 λαμϐανόντων,

2401 1044 2552 1113 οὒςὴ
2584 1045 2800 1113 πονηρὰ
2849 1043 3110 1114 συνήθεια
3162 1044 3623 1114 χαριστικαρίους
3677 1042 3992 1107 ὠνόμασεν,

2404 1136 2708 1201 ἀναγκαῖον
2749 1136 2947 1188 εἰπεῖν.
2991 1135 3144 1205 Ἀμα
3174 1136 3285 1205 γὰρ
3317 1134 3396 1205 τῷ
3448 1134 3820 1205 παραλαὸεῖν,
3871 1133 3994 1198 φεῦ,

2404 1228 2506 1299 τὴν
2537 1230 2729 1299 μονὴν,
2764 1227 2969 1280 αὐτίκα
2998 1228 3128 1290 τοὺς
3155 1227 3517 1297 ἀπληρώτους
3540 1228 3641 1296 τῆς
3675 1224 3995 1288 πλεονεξίας

2416 1321 2655 1383 κόλπους
2685 1320 3047 1385 ύφαπλώσας,
3085 1319 3268 1373 πάντα
3292 1318 3664 1386 ὲγκολποῦται
3699 1318 3770 1370 τά
3798 1318 3992 1385 αὐτῆς·

2408 1412 2469 1465 ού
2498 1412 2661 1481 μόνον
2688 1411 2993 1479 οἰκήματα,
3027 1408 3335 1480 προάστειά
3357 1425 3420 1462 τε
3444 1409 3540 1462 καὶ⁵
3576 1404 3692 1470 ζῶα
3725 1407 3823 1459 καί¹
3856 1424 3997 1458 παν-

2406 1505 2561 1566 τοίας
2595 1504 2919 1572 προσόδους,
2946 1501 3083 1555 ἀλλὰ
3110 1503 3207 1554 καὶ
3237 1503 3403 1563 ναοὺς
3425 1499 3626 1563 αύτούς
3651 1516 3667 1531 ο
3715 1501 3810 1552 καὶ
3861 1499 3994 1550 καθ-

2406 1599 2713 1671 ηγούμενον
2735 1595 2830 1647 καὶ
2854 1595 3211 1664 μονάζοντας,
3235 1594 3459 1656 δούλους
3483 1594 3726 1662 ἡγεῖται,
3745 1592 3841 1644 καὶ
3867 1592 4000 1642 πάν-

2405 1704 2504 1749 τας
2531 1688 2625 1739 καὶ
2656 1686 2860 1751 πάντα,
2886 1686 2961 1750 ὡς
2990 1686 3269 1757 ἰδιόκτητα
3297 1688 3604 1755 πράγματα
3634 1686 3771 1755 ἔχει.
3809 1685 3906 1737 καὶ
3927 1686 3999 1747 ὡς

2408 1778 2588 1849 οἰκείᾳ
2621 1777 2967 1847 κληρονομίᾳ
2994 1780 3346 1848 καταχρᾶται
3373 1777 3592 1846 ἀφόϐως
3612 1777 3688 1840 ὡς
3721 1776 3997 1846 βούλεται·

723 1871 774 1925 ei
832 1871 885 1925 in
933 1878 1167 1925 mentem
1227 1870 1397 1934 venit,
1453 1871 1566 1926 haec
1606 1870 1697 1924 Dei
1733 1886 1855 1925 esse
1903 1880 2067 1941 atque
2116 1886 2300 1926 sacra.

2416 1846 2689 1941 μηδέποτε
2723 1846 2818 1925 ἐπὶ
2854 1846 2983 1931 νοῦν
3018 1846 3324 1940 λαμϐάνων
3346 1912 3361 1936 ,
3400 1871 3495 1923 τοῦ
3528 1868 3665 1921 Θεοῦ
3697 1868 3873 1921 ταῦτα
3908 1866 4001 1919 καὶ

724 1962 932 2017 Divinis
988 1976 1117 2015 vero
1149 1962 1364 2030 templis
1412 1976 1476 2016 ac
1534 1963 1815 2017 monachis
1848 1962 2126 2016 minimam
2176 1977 2305 2031 por-

730 2053 931 2108 tionem
965 2066 996 2107 e
1028 2060 1140 2107 toto
1190 2053 1362 2107 reditu
1391 2054 1674 2119 attribuit;
1701 2068 1821 2108 eam
1854 2053 1998 2107 velut
2029 2056 2303 2124 propriam

728 2145 1157 2218 eleemosynam,
1190 2153 1306 2217 post
1346 2144 1543 2200 multas
1596 2146 1888 2215 petitiones
1923 2146 1988 2199 iis
2030 2150 2301 2216 przebcns.

726 2237 930 2293 Omitto
965 2237 1148 2292 dicere
1183 2237 1507 2306 templorum
1553 2237 1790 2301 ruinam,
1827 2236 2023 2291 aedium
2080 2246 2133 2289 ct
2172 2239 2307 2290 sub-

724 2328 1046 2397 urbiorum;
1092 2344 1215 2386 cum
1267 2329 1381 2400 ipse
1419 2330 1676 2399 rescipiat
1709 2344 1922 2399 semper
1963 2330 2028 2385 ad
2068 2328 2302 2385 inferen-

727 2427 856 2480 dum
906 2426 1192 2489 duntaxat,
1225 2441 1333 2479 non
1364 2426 1527 2479 etiam
1560 2426 1626 2479 ad
1668 2425 2080 2490 expendendum
2110 2442 2121 2478 :
2163 2440 2304 2494 pra:-

725 2518 884 2588 cipue
912 2519 955 2573 si
993 2518 1048 2572 in
1078 2518 1271 2574 animae
1325 2521 1558 2573 exitiosa
1610 2518 1902 2572 donatione
1938 2518 2055 2587 ejus
2123 2518 2303 2586 posita

729 2619 814 2664 cst
850 2610 1167 2665 immunitas
1192 2628 1219 2665 a
1256 2611 1528 2665 reddenda
1582 2612 1647 2665 de
1679 2609 2152 2664 imminutionibus
2212 2625 2305 2665 ra-

730 2703 898 2756 tione.
950 2701 1249 2756 Confestim
1289 2717 1418 2771 ergo
1445 2710 1624 2757 cessat
1654 2716 1717 2756 ac
1741 2701 2134 2771 exstinguitur,
2194 2718 2305 2757 non

731 2800 943 2847 tantum
981 2793 1159 2848 omnis
1191 2792 1283 2861 qui
1316 2808 1344 2845 a
1376 2792 1549 2847 beatis
1589 2793 1996 2860 possessoribus
2041 2796 2307 2849 constitu-

736 2893 826 2939 tus
882 2882 981 2938 fuit
1037 2883 1157 2952 pius
1198 2900 1326 2954 erga
1389 2883 1554 2937 Deum
1619 2884 1819 2947 cultus,
1877 2886 1992 2939 sive
2048 2901 2219 2940 sacrae
2257 2886 2308 2940 in

730 2976 937 3030 sanctis
968 2974 1121 3029 festis
1145 2977 1475 3043 gestationes
1499 2976 1789 3042 luminum,
1807 2978 2033 3031 odorum
2057 2977 2310 3048 fragran-

732 3068 839 3132 tEtr,
894 3078 946 3121 ct
1010 3066 1223 3121 laudum
1274 3067 1709 3136 celebrationes;
1766 3071 1818 3123 in
1866 3070 2143 3125 nonnullis
2185 3086 2312 3126 vero

2414 1964 2535 2017 θεῖα
2592 1962 2756 2019 εἶναι.
2808 1964 2934 2028 Τοῖς
2978 1964 3036 2018 δὲ
3090 1963 3259 2025 θείοις
3295 1966 3444 2026 ναοῖς
3471 1980 3530 2016 τε
3575 1962 3670 2015 καὶ⁹
3720 1962 3999 2032 μοναχοῖς,

2412 2057 2731 2127 ἀπόμοιράν
2770 2074 2893 2110 τινα
2934 2058 3337 2128 σμικροτάτην,
3367 2059 3431 2111 ἐκ
3458 2058 3645 2125 πάσης
3678 2056 3784 2125 τῆς
3830 2071 4003 2125 προσ-

2408 2146 2529 2200 όδου
2560 2147 2852 2215 ἀπένειμυ
2884 2149 3151 2219 κάκείνην
3178 2148 3253 2210 ὡς
3280 2149 3412 2202 ἴδιον
3431 2147 3664 2218 ψυχικὸν
3694 2147 3831 2217 (15).
3862 2145 4001 2216 μετά

2411 2239 2629 2293 πολλῶν
2671 2242 2950 2311 αἰτήσεων
2977 2242 3164 2304 αὐτοῖς
3193 2242 3598 2312 παρεχόμενος.
3635 2240 3743 2292 Ἐῶ
3768 2239 3881 2312 γὰρ
3914 2240 4004 2291 λέ-

2409 2349 2530 2400 γειν
2576 2332 2675 2401 τὴν
2735 2333 3039 2387 κατάλυσιν
3087 2333 3197 2386 τῶν
3242 2332 3411 2395 ναῶν,
3448 2332 3768 2401 οἰκημάτων
3814 2347 3877 2383 τε
3910 2332 4004 2384 καὶ

2410 2424 2775 2494 προαστείων,
2810 2426 2897 2477 ἀεὶ
2929 2428 3008 2489 εἰς
3034 2425 3097 2478 co
3131 2425 3459 2489 εἰσοδιάζειν
3497 2423 3665 2476 αὑτοῦ
3708 2423 4003 2493 βλέποντος

2417 2518 2602 2587 μόνον,
2638 2518 2761 2587 οὐχὶ
2783 2518 2879 2571 καὶ
2902 2519 2983 2581 εἰς
3010 2518 3071 2570 τὸ
3094 2516 3413 2583 ὲξοδιάζειν’
3440 2518 3536 2570 καὶ
3563 2517 3766 2587 μᾶλλον
3793 2519 3841 2568 εἰ
3868 2516 4005 2585 πρό-

2413 2623 2593 2660 κειται
2617 2607 2676 2660 ὲν
2705 2611 2772 2678 τῇ
2804 2607 3128 2677 ψυχολὲθρῳ
3156 2608 3338 2677 δωρεᾷ
3386 2607 3575 2671 αὐτοῦ,
3610 2606 3670 2659 τὸ
3703 2606 4004 2659 ἀνεύθυνον

2414 2698 2507 2750 ἐπὶ
2569 2700 2690 2761 ταῖς
2743 2698 3058 2769 μειώσεσιν.
3121 2698 3333 2750 Αὐτίκα
3392 2697 3528 2766 γοῦν
3579 2698 3862 2751 πέπαυται
3909 2699 4003 2750 καὶ

2416 2793 2655 2860 ἀπέσϐη,
2698 2795 2760 2847 οὐ
2797 2794 2962 2863 μόνον
2991 2794 3141 2847 πᾶσα
3173 2796 3207 2863 ἡ
3248 2792 3356 2847 ὑπὸ
3392 2793 3501 2846 τῶν
3532 2794 3825 2864 μακαρίων
3858 2812 3998 2861 κτη-

2415 2885 2595 2954 τόρων
2624 2883 2941 2936 τυπωθεῖσα
2977 2886 3057 2946 είς
3110 2884 3169 2936 τὸ
3218 2883 3362 2935 θεῖον
3415 2884 3648 2952 εὐσεϐὴς
3704 2886 3997 2954 θεραπεία,

2414 2977 2584 3046 ἤγουν
2639 2976 2696 3028 αἱ
2744 2976 2889 3045 ἱεραί.
2915 2975 3026 3028 τῶν
3077 2974 3249 3042 ἁγίων
3290 2975 3502 3045 ἑορτῶν
3556 2976 3998 3045 λαμπροφορίαι,

2418 3066 2640 3119 εύωδίαι
2671 3083 2731 3118 τε
2759 3066 2853 3119 καὶ
2882 3065 3187 3133 δοξολογίαι
3208 3083 3221 3097 ·
3253 3066 3313 3118 ὲν
3343 3067 3454 3119 τισὶ
3483 3067 3560 3129 δὲ,
3595 3067 3690 3118 καὶ
3738 3068 3903 3120 αὐταὶ
3941 3070 3996 3121 αἰ

732 3158 861 3223 ipsa:
892 3159 1051 3210 etiam
1112 3156 1438 3223 quotidianae
1494 3158 1756 3213 luminum
1793 3160 2180 3226 accensioncs;
2216 3161 2309 3215 sed

2417 3158 2715 3229 ήμερήσιοι
2758 3158 3041 3228 φωταψίαι
3076 3174 3090 3189 ⁸
3127 3158 3209 3209 ἔτι
3242 3157 3298 3210 δὲ
3329 3158 3425 3210 καὶ
3457 3160 3511 3210 αἰ
3544 3160 3643 3227 τῆς
3690 3158 4001 3227 ἐλεημοσύ-

732 3256 788 3299 et
836 3246 1194 3317 cleemosynae
1240 3247 1669 3313 distributiones,
1702 3263 1823 3301 cum
1864 3251 1914 3302 in
1959 3249 2115 3305 festis
2168 3264 2309 3316 pra:-

733 3339 971 3406 scriptte,
1034 3348 1144 3393 tum
1191 3340 1522 3408 quotidianae
1565 3340 1876 3410 januarum,
1938 3352 2053 3397 tum
2109 3344 2214 3399 illa:
2260 3344 2313 3398 in

731 3431 1341 3486 commemorationibus
1371 3430 1755 3487 fundatorum:
1810 3434 1878 3489 ad
1911 3436 2023 3490 haec
2050 3452 2169 3507 qua:
2197 3453 2314 3492 mo-

734 3521 927 3577 nachis
952 3521 1004 3575 in
1036 3522 1164 3576 anni
1195 3522 1371 3586 feStis,
1408 3533 1747 3578 mortuorum
1778 3528 2314 3581 commemorationi-

733 3615 857 3677 bus,
887 3610 1132 3682 jejuniis,
1160 3621 1211 3664 et
1237 3611 1588 3681 paschalibus
1629 3612 1817 3667 diebus
1847 3612 2129 3682 praefinita:
2185 3622 2314 3667 sunt

735 3703 1147 3758 adhortationes
1196 3713 1250 3757 et
1284 3703 1727 3770 consolationes;
1779 3704 1897 3775 ipsa
1933 3706 2069 3760 adeo
2120 3723 2308 3761 mona-

735 3793 961 3848 chorum
998 3791 1256 3847 demensa
1285 3793 1517 3847 maxime
1560 3796 1863 3848 necessaria
1892 3813 1905 3861 ;
1935 3805 2097 3866 atque
2122 3806 2180 3851 ut
2208 3813 2314 3853 uno

737 3881 1235 3949 verbo-absolvam,
1277 3884 1420 3952 perit
1466 3884 1715 3939 universa
1779 3886 1994 3954 pietatis
2028 3892 2168 3945 ratio
2199 3906 2317 3958 qua:

735 3988 765 4027 a
819 3972 1195 4029 conditoribus
1220 3973 1525 4041 excogitata
1556 3973 1731 4029 fuerat
1766 3977 1816 4029 in
1856 3977 2053 4031 divinis
2074 3982 2311 4050 templis,

736 4066 1021 4123 monachis
1052 4075 1107 4120 et
1149 4066 1673 4123 sanctimonialibus.
1730 4066 1959 4125 Reditus
1994 4084 2172 4127 autem
2224 4075 2315 4142 qui

736 4171 896 4215 antea
933 4161 985 4214 in
1020 4164 1136 4219 lucc
1185 4166 1588 4234 insumebatur,
1635 4169 1927 4224 translatus
1954 4180 2034 4224 est
2068 4173 2134 4225 ad
2164 4170 2317 4225 falla—

735 4267 852 4308 cem
882 4255 1143 4310 mundum
1186 4272 1248 4312 ac
1275 4258 1460 4312 mundi
1502 4259 1823 4328 principem.
1871 4261 2011 4315 Ante
2048 4262 2161 4315 hzcc
2190 4278 2318 4318 vero

736 4357 791 4400 et
841 4362 963 4402 cum
1021 4349 1127 4414 his,
1165 4349 1314 4404 illico
1360 4351 1574 4404 vacavit
1624 4353 1799 4406 omnis
1856 4353 2061 4421 regula,
2120 4353 2315 4419 forma,

736 4438 1026 4509 disciplina
1072 4441 1433 4511 monachalis.
1498 4441 1615 4497 Non
1650 4444 1793 4497 enim
1858 4445 2091 4513 amplius
2138 4456 2321 4501 manet

2420 3270 2519 3323 νης
2555 3252 2900 3322 μεταδόσεις,
2952 3251 3013 3305 αἴ
3048 3270 3107 3303 τε
3149 3252 3365 3314 εἰςτὰς
3404 3251 3601 3321 ἑορτὰς
3634 3252 3999 3315 τυπωθεῖσαι,

2419 3346 2515 3398 xai.
2548 3346 2605 3398 αἱ
2645 3345 2943 3414 ὴμερήσιοι
2972 3343 3082 3396 τῶν
3119 3342 3421 3407 πυλώνων,
3455 3344 3536 3396 ἔτι
3575 3345 3631 3396 δὲ
3672 3348 3768 3397 καὶ
3802 3348 3858 3397 αἱ
3896 3345 4002 3397 τῶν

2423 3435 2795 3507 μνημοσύνων
2847 3435 2959 3487 τῶν
3011 3434 3335 3504 κτητόρων·
3373 3433 3512 3504 πρὸς
3556 3436 3612 3488 δὲ
3646 3438 3741 3488 καὶ
3784 3438 3843 3489 αἱ
3894 3440 4003 3498 τοῖς

2424 3533 2677 3601 μοναχοῖς
2708 3530 2800 3583 ἐπὶ
2830 3531 2951 3590 ταῖς
2983 3529 3078 3581 τοῦ
3120 3526 3374 3581 ἐνιαυτοῦ
3420 3528 3641 3597 ἑορταῖς
3664 3568 3679 3588 ,
3716 3528 3815 3581 καὶ
3860 3546 4003 3597 μνη-

2426 3626 2703 3695 μοσύνοις,
2736 3624 2831 3677 καί
2874 3622 3201 3689 ἀποκρέαις,
3242 3622 3337 3674 καί.
3367 3622 3697 3690 πασχαλίαις
3731 3623 4004 3675 τυπωθεῖ·

2420 3737 2511 3773 σαι
2549 3718 2926 3787 παρακλήσεις
2952 3730 2965 3744 ⁸
3000 3713 3138 3767 ἀλλὰ
3171 3714 3266 3765 καὶ
3307 3715 3448 3766 αὐτὰ
3487 3713 3557 3765 τά
3602 3715 3713 3765 τῶν
3749 3716 4002 3783 μοναχῶν

2421 3812 2709 3883 σιτηρέσια
2773 3810 2841 3861 τὰ
2898 3808 3317 3875 ἀναγκαιότατα
3352 3824 3367 3839 ο
3412 3808 3508 3859 καὶ
3551 3807 3743 3867 ἁπλῶς
3803 3810 4000 3873 εἰπεῖν,

2419 3907 2625 3975 οἴχεται
2656 3905 2766 3965 πᾶς
2801 3900 3087 3963 εὐσεϐείας
3121 3902 3323 3971 τρόπος
3369 3900 3522 3971 παρὰ
3571 3901 3679 3953 τῶν
3721 3903 4005 3973 κτητόρων

2421 3997 2734 4066 ἒπενοηθεὶς
2792 3998 2851 4048 ὲν
2899 3997 3010 4057 τοῖς
3042 3992 3207 4055 θείοις
3254 3994 3405 4054 ναοῖς
3452 3994 3542 4044 καὶ
3582 3996 3695 4054 τοῖς
3752 3996 4006 4062 μοναχοῖς

2424 4092 2519 4143 καὶ
2548 4092 2667 4150 ταῖς
2705 4086 3064 4156 μοναστρίαις
3094 4084 3192 4156 [αἱ.
3225 4086 3336 4145 τοῖς
3370 4083 3807 4154 μοναστηρίοιςῙ.
3853 4085 3919 4136 ἸΙ
3949 4085 4007 4136 δὲ

2421 4179 2502 4242 εἰς
2532 4176 2601 4228 τὰ
2626 4175 2854 4229 τοιαῦτα
2888 4174 3159 4243 πρότερον
3190 4172 3527 4241 ἐπιρρέουσα
3560 4172 3849 4240 πρόσοδος.
3882 4190 4008 4239 μετ-

2422 4263 2700 4335 ωχετεύθη
2729 4262 2821 4314 ἐπὶ
2865 4261 2958 4313 τὸν
2995 4260 3196 4313 πλάνον
3216 4259 3423 4327 κόσμον
3440 4260 3534 4311 καὶ
3559 4260 4003 4329 κοσμοκράτορα.

2423 4357 2539 4427 Πρὸ
2565 4357 2619 4409 δὲ
2647 4354 2855 4407 τούτων
2884 4352 2975 4407 καὶ
3010 4355 3147 4421 μετά
3185 4350 3416 4414 τούτων,
3460 4351 3760 4419 ἐσχόλασεν
3804 4352 4007 4413 εὐθέως

2426 4452 2533 4513 πᾶς
2568 4446 2771 4511 κανὼν,
2804 4447 2902 4498 καὶ
2928 4446 3122 4508 τύπος,
3156 4445 3249 4496 καὶ
3277 4443 3431 4507 τάξις
3468 4444 3764 4513 μοναχική.
3806 4443 4008 4495 Οὐκέτι

739 4532 1017 4598 praepositi
1045 4534 1368 4599 auctoritas,
1405 4549 1507 4588 non
1536 4546 1733 4601 metus,
1762 4551 1868 4590 non
1893 4536 2191 4603 humilitas,
2218 4556 2309 4595 nec

2426 4541 2534 4612 γὰρ
2580 4540 2879 4612 ἡγουμένου
2903 4535 3143 4602 ἐξουσία,
3184 4537 3246 4587 οὔ
3285 4535 3479 4602 φόϐος,
3536 4534 3597 4586 ού
3652 4535 4009 4598 ταπείνωσις,

744 4622 895 4677 aliud
933 4638 962 4678 e
986 4624 1161 4679 bonis.
1217 4624 1486 4679 Caeterum
1519 4626 1670 4680 hisce
1704 4628 1858 4682 malis
1915 4641 2171 4685 contenta
2204 4648 2315 4687 non

739 4714 841 4768 fuit
868 4714 1370 4770 charisticariorum
1403 4717 1756 4787 improbitas;
1787 4721 1883 4775 sed
1915 4736 2021 4777 non
2051 4726 2317 4794 tangenda

738 4808 900 4863 etiam
941 4809 1193 4879 arripuit.
1224 4809 1324 4863 llei
1366 4810 1498 4865 mihi
1527 4813 1541 4866 l
1576 4812 1745 4881 ipsam
1772 4829 1986 4884 quoque
2021 4817 2209 4872 adorta
2236 4827 2321 4873 est

737 4914 953 4971 sacram
1011 4900 1209 4956 divinae
1268 4903 1626 4970 professionis
1675 4906 2061 4963 initiationem.
2097 4910 2322 4966 Scilicet

739 5005 895 5047 sacra
954 4995 1346 5049 monachorum
1403 4997 1490 5051 lex
1551 5000 1820 5067 praecipit,
1879 5003 2057 5071 utqui
2115 5006 2321 5060 mundo

746 5085 1040 5155 mundique
1069 5086 1232 5142 rebus
1257 5087 1368 5157 jam
1419 5090 1719 5154 renuntiat,
1753 5104 1781 5143 a
1818 5095 2137 5149 monasterii
2182 5110 2322 5163 pra:-

742 5181 921 5249 posito
951 5195 1015 5236 ac
1052 5180 1312 5239 fratribus
1344 5181 1680 5253 recipiatur;
1726 5197 1823 5253 per
1867 5186 2137 5255 integrum
2192 5203 2321 5242 vero

2423 4635 2548 4689 ούτε
2580 4652 2634 4687 τι
2680 4632 2811 4686 ἄλλο
2860 4631 2969 4682 τῶν
3018 4628 3262 4697 ἀγαθῶν.
3303 4629 3417 4681 Οὐκ
3459 4628 3709 4698 ἠρκέσθη
3742 4629 3859 4697 γὰρ
3900 4632 4009 4691 τοῖς

2423 4725 2690 4788 τοιούτοις
2736 4725 2928 4785 κακοῖς
2974 4723 3007 4792 ὴ
3043 4720 3152 4773 τῶν
3198 4719 3639 4790 χαριστικαρίων
3682 4720 3960 4789 μοχθηρία
3992 4734 4009 4751 ο

2423 4818 2541 4874 ἀλλ’
2571 4814 2907 4885 ἐπεδράξατο
2952 4813 3046 4866 καὶ
3079 4812 3190 4865 τῶν
3230 4811 3548 4882 ἀψαύστων.
3609 4811 4008 4881 Κατετόλμησε

2428 4912 2558 4981 γὰρ,
2598 4908 2770 4979 οἴμοι,
2820 4907 2915 4960 καὶ
2966 4906 3139 4975 αὐτῆς
3180 4904 3280 4975 τῆς
3322 4904 3477 4975 ἱερᾶς
3518 4901 3613 4956 τοῦ
3646 4902 3801 4956 θείου
3838 4906 4013 4971 ἑπαγ-

2428 5002 2703 5073 γέλματος
2731 4997 2982 5066 τελετῆς.
3024 4996 3084 5049 '0
3130 4995 3231 5068 μὲν
3280 4994 3390 5066 γάρ
3424 4995 3570 5064 ἱερὸς
3602 4996 3717 5047 τῶν
3759 4996 4014 5065 μοναχῶν

2429 5093 2633 5164 θεσμὸς
2657 5086 3119 5159 παρακελεύεται,
3150 5086 3244 5139 τὸν
3277 5084 3404 5152 ἄρτι
3438 5084 3516 5154 τῷ
3549 5084 3745 5154 κόσμῳ
3772 5086 3872 5136 καί
3897 5086 4009 5145 τοῖς

2429 5191 2487 5242 ὲν
2543 5180 2738 5254 κόσμῳ
2791 5177 3267 5248 ἀποτασσόμενον,
3324 5175 3686 5246 ὑποδέχεσθαι
3723 5177 3883 5247 παρὰ
3919 5178 4011 5233 τοῦ

1896 5344 2081 5406 Joan.
2116 5345 2293 5424 Bapt.
2332 5341 2634 5408 Cotelerii
2663 5346 2849 5404 notaa.

818 5487 933 5554 (l5)
968 5488 1261 5556 Ψυχικόν.
1323 5486 1436 5543 lloc
1488 5487 1702 5541 nomine
1761 5486 2094 5542 recentiores
2142 5486 2316 5542 Graeci

744 5556 1143 5629 eleemosynam
1164 5557 1386 5613 donant.
1418 5559 1473 5612 In
1490 5557 1871 5629 Responsione
1893 5556 2225 5629 Balsamonis
2251 5558 2317 5611 ad

746 5626 1233 5695 interrogationem
1280 5630 1346 5683 57
1381 5643 1397 5683 :
1431 5628 1512 5682 Τὰ
1545 5627 1684 5697 ὑπὲρ
1732 5626 1978 5697 ψυχικῶν
2028 5626 2320 5679 διαδόσεων

747 5699 868 5769 ταῖς
917 5697 1237 5769 ἔκκλησίαις
1286 5698 1439 5768 τιαρά
1466 5698 1632 5752 τινῶν
1671 5697 2115 5769 προσφερόμενα.
2149 5698 2317 5762 Quem

748 5766 927 5820 locum
957 5768 1153 5823 frustra
1183 5778 1353 5823 tentat
1374 5766 1463 5822 'vir
1484 5770 1679 5824 doctus
1710 5776 1847 5823 not's
1875 5766 1939 5820 ad
1974 5767 2317 5836 Fulgentium

749 5836 1108 5905 Fcrrandum,
1164 5840 1471 5908 reponendo
1523 5838 1770 5909 ψυχικῶν
1820 5838 2136 5893 διαθέσεων.
2183 5837 2299 5894 Cun

2430 5485 2714 5539 Balsamon
2746 5482 2908 5546 idem,
2938 5492 3214 5547 exponens
3241 5492 3502 5533 canonem
3527 5477 4011 5546 Carthaginensem

2428 5557 2518 5621 84,
2556 5571 2621 5606 ex
2673 5552 2892 5606 Novella
2945 5552 3284 5604 Constantini
3333 5548 3817 5621 Porphyrogenitae
3849 5548 4011 5621 ψυχι-

2428 5617 2527 5688 κάξ
2560 5625 2826 5683 διαδόσεις
2865 5630 3141 5689 agnoscat.
3194 5619 3683 5689 araimwﬁsalutares
3735 5636 3800 5672 ac
3856 5617 4011 5685 spiri-

2427 5698 2594 5749 tuales
2639 5695 2968 5762 largitiones.
3015 5690 3149 5745 Vide
3188 5692 3345 5762 sodes
3374 5688 3661 5762 Georgium
3703 5691 4005 5762 l_‘.et_lrenum

2429 5767 2560 5835 Reg.
2591 5757 2801 5835 editfp.
2824 5763 2927 5819 598
2952 5762 3040 5833 D.,
3075 5762 3256 5831 ibique
3276 5759 3438 5815 Goari
3468 5757 3683 5816 Natam.
3709 5757 4005 5814 Fabrotum

2428 5834 2588 5894 etiam
2618 5834 2858 5893 consule.
