4194 6444
204 400 347 464 illi

996 400 1093 457 DE
1138 395 1665 457 MONASTERIIS
1702 398 1959 458 LAICIS
2002 398 2156 460 NON
2194 400 2658 462 TRADENDIS.

3325 406 3481 473 ιιιτ

206 520 307 586 τῆς
349 516 522 585 μονῆς
558 514 900 585 προεστῶτος
930 514 1023 566 καὶ
1057 514 1163 566 τῶν
1204 512 1790 583 ἁδελφῶν,δοκιμάζε-

1895 514 2187 570 triennium
2226 517 2507 585 probetur,
2564 532 2632 571 an
2684 516 2797 572 ﬁeri
2822 518 3001 589 possit
3039 522 3377 591 monachus;
3408 537 3464 583 et

207 611 333 663 σθαι
384 600 441 661 δέ
489 610 649 662 αὑτὸν
686 610 779 661 ἐπὶ
830 606 1073 677 τριετίαν
1104 607 1257 675 ὃλην,
1290 608 1340 658 εί
1369 606 1592 659 δύναται
1628 606 1785 671 γενέ-

208 700 338 753 σθαι
376 699 614 770 μοναχός
641 713 658 729 ⁸
693 699 789 752 καὶ
834 701 884 751 εἰ
939 699 1040 768 μὲν
1074 700 1218 766 φανῇ
1274 696 1608 767 ἐπιτήδειος,
1653 699 1789 752 ἀπο-

209 791 519 859 κείρεσθαι,
553 790 648 843 κα)⁸
672 790 750 859 τῷ
780 790 969 860 κλήρῳ
992 790 1101 842 τῶν
1144 788 1488 858 μοναζόντων
1515 806 1789 857 συγκατα-

208 885 467 952 ).έγεσθαι
512 900 526 913 ·
580 884 631 936 εί
685 883 729 936 δ’
784 881 869 959 οὓ,
950 882 1392 953 ἐπαναστρέφειν
1439 881 1599 936 αὐτὸν
1666 883 1789 937 ὅθεν

208 976 465 1048 ἐλήλυθε.
522 978 633 1032 Καὶ
673 977 1025 1046 ἀποκαρέντα
1074 976 1131 1030 δὲ
1173 975 1387 1042 τοῦτον,
1422 978 1451 1030 ό
1503 974 1790 1045 προεστὼς

210 1070 553 1138 παραδίδωσί
612 1086 719 1123 τινι
780 1070 890 1122 τῶν
959 1069 1060 1137 τὴν
1126 1068 1437 1139 ἀσκητικὴν
1497 1067 1644 1137 ζωὴν
1696 1068 1789 1119 καὶ

210 1161 422 1231 ἀρετὴν
479 1160 935 1233 κατορθωκότων,
973 1161 1069 1214 ἐπὶ⁸
1098 1160 1174 1231 τῷ
1228 1162 1644 1229 στοιχειωθῆναι
1697 1160 1789 1214 ὑπ’

211 1253 385 1305 αὐτοῦ
444 1254 524 1316 είς
564 1253 664 1325 τὴν
697 1254 899 1324 τέχνην
950 1254 1060 1306 τῶν
1102 1254 1309 1322 τεχνῶν
1349 1254 1444 1307 καί
1479 1253 1793 1323 ἐπιστήμην

210 1343 325 1396 τῶν
363 1344 688 1415 ἐπιστημῶν
743 1361 758 1377 ’
806 1346 951 1415 φημὶ
976 1346 1052 1415 ιδὴ
1095 1345 1196 1416 τὴν
1235 1347 1538 1416 μοναχικὴν
1573 1346 1790 1413 φιλοσο-

212 1436 370 1501 φίαν.
417 1434 648 1489 Κελλίου
704 1437 763 1491 δέ
830 1437 1144 1501 ἰδιαζόντως
1200 1440 1321 1491 τότε
1380 1438 1650 1505 ἀξιοῦται,
1701 1440 1791 1493 ὅτε

214 1528 421 1597 δηλαδὴ
469 1531 663 1601 ἀρκεῖν
692 1532 858 1585 αὐτὸν
886 1531 1067 1601 ἐαυτῷ
1093 1534 1173 1596 εἰς
1206 1532 1485 1602 σωτηρίαν
1517 1532 1671 1601 παρὰ
1696 1532 1791 1585 τοῦ

216 1621 566 1685 προεστῶτος
622 1622 967 1691 κριθήσεται.
1022 1624 1150 1675 -Καὶ
1218 1622 1362 1675 οὕτω
1412 1623 1512 1692 μὲν
1567 1624 1595 1674 ὁ
1648 1622 1793 1692 ίερδς

214 1710 531 1779 θεσμόςτε
591 1713 685 1764 καὶ
739 1712 994 1781 θεμέλιος
1054 1714 1199 1783 ἀρχή
1263 1730 1325 1765 τε
1368 1716 1462 1766 καὶ
1515 1712 1643 1782 ῥίζα
1693 1713 1792 1781 τῆς

213 1802 370 1867 θείας
415 1804 668 1867 εὐζωϊας.
710 1804 775 1857 Ἦ
820 1804 878 1858 δὲ
906 1804 1144 1875 άθεσμος
1181 1803 1437 1875 πονηρία,
1468 1805 1557 1857 τὸν
1590 1804 1792 1873 θεσμὸν

214 1896 547 1967 ἀναιροῦσα,
584 1897 916 1967 πρόσταγμα
959 1898 1236 1967 ἔγγραφον
1274 1900 1624 1969 καταπέμπει
1655 1898 1795 1970 πρὸς

213 1989 309 2040 τὸν
342 1988 671 2058 ἡγούμενον,
702 1990 905 2043 οὑτωσὶ
927 1990 1208 2061 περιέχονο
1232 1991 1322 2043 τὸν
1346 1991 1493 2044 δεῖνα
1522 1991 1794 2061 ἐτάξαμεν

215 2079 461 2147 ἀδελφὸν
493 2082 573 2142 είς
601 2081 702 2150 τὴν
755 2080 849 2149 ὑφ’
896 2082 1045 2151 ἡμᾶς
1088 2081 1188 2151 [aL
1226 2082 1350 2134 καθ’
1392 2080 1562 2151 ὑμᾶς]
1602 2082 1793 2151 μονὴν,

214 2173 311 2223 καὶ
343 2170 445 2239 [αι.
474 2170 597 2243 τὴν]
626 2172 798 2235 δεῖνα,
833 2174 928 2225 καὶ
956 2173 1245 2242 παράλαόε
1290 2173 1478 2239 αὐτὸν,
1516 2172 1794 2244 καθηγού-

219 2282 374 2334 μενε,
413 2267 509 2319 καὶ
537 2265 864 2335 ἀπόκειρον,
896 2268 992 2319 καὶ
1025 2267 1283 2337 πάρασχε
1308 2267 1458 2337 αὐτῷ
1491 2269 1679 2320 κελλία
1713 2269 1795 2331 εἰς

214 2359 431 2414 οἰκείαν
481 2361 800 2429 καταμονῆν
846 2360 942 2414 καὶ
976 2360 1282 2413 ἀνάπαυσιν
1316 2378 1331 2392 ·
1377 2361 1703 2431 λαμϐανέτω
1738 2361 1795 2415 δὲ

218 2456 315 2507 καὶ
349 2453 538 2519 αὐτὸς,
568 2456 621 2509 εί
644 2472 699 2507 τι
732 2454 828 2506 καὶ
858 2454 907 2506 oi
938 2454 1120 2507 λοιποὶ
1147 2454 1370 2522 ἀδελφοὶ
1403 2454 1748 2524 λαμϐάνουσι
1777 2470 1793 2486 ·

216 2546 451 2616 ποίησον
482 2546 541 2599 δὲ
584 2547 680 2598 καὶ⁵
710 2545 771 2598 τὸ
806 2541 927 2598 ῐσον
974 2546 1072 2614 τῆς
1097 2545 1383 2615 παρούσης
1429 2547 1587 2617 ἡμῶν
1623 2564 1796 2618 προσ-

214 2640 451 2704 τάξεως,
487 2637 584 2691 καὶ
615 2638 798 2701 ἐπίδος
848 2639 929 2707 τῷ
969 2638 1201 2709 τοιούτῳ
1233 2639 1314 2701 είς
1344 2639 1666 2707 ἀσφάλειαν.
1687 2640 1797 2694 Καὶ

219 2727 402 2780 ταῦτα
435 2727 559 2797 μέν,
594 2728 691 2780 ἐάν
721 2744 807 2788 τις
839 2726 950 2782 τῶν
983 2726 1398 2798 εὑλαὸεστέρων
1432 2730 1516 2797 είη
1546 2746 1795 2799 χαριστι-

218 2822 458 2890 καρίων,
496 2822 546 2872 εί
576 2820 632 2872 δὲ
671 2820 783 2872 τῶν
810 2820 985 2883 ἄλλως
1016 2824 1251 2890 ἐχόντων
1278 2827 1452 2884 ἐστὶν,
1488 2824 1611 2876 οὐδὲ
1633 2824 1796 2891 ψιλῆς

217 2914 590 2983 προσρήσεως
649 2912 742 2966 τὸν
787 2913 1094 2982 ἡγούμενον
1145 2914 1330 2977 ἀξτοῖο
1385 2915 1524 2966 ἀλλά
1560 2916 1695 2984 πρὸς
1736 2916 1797 2967 δν

1888 607 1935 661 si
1961 606 2178 676 quidem
2214 609 2359 664 visus
2393 608 2556 663 fuerit
2588 609 2835 671 idoneus,
2887 610 3197 677 tondeatur,
3241 622 3298 668 et
3342 631 3465 670 coo-

1890 708 2074 771 ptetur
2107 700 2175 753 ad
2218 704 2607 755 monachorum
2654 700 2983 770 collegium;
3022 703 3103 757 siu
3158 703 3343 760 minus
3372 720 3461 769 re-

1889 794 2016 849 deat
2049 795 2190 848 unde
2237 792 2509 861 profectus
2535 803 2639 851 est.
2697 793 2817 850 Jam
2861 810 2989 850 vero
3036 804 3246 851 tunsum
3310 798 3473 853 illum

1893 885 2213 956 praepositus
2239 883 2402 940 tradit
2457 886 2672 941 cuidam
2730 901 2920 941 eorum
2980 888 3072 956 qui
3123 887 3176 943 in
3224 891 3473 946 ascetica

1890 980 1999 1033 vita
2054 988 2109 1034 et
2131 979 2330 1034 virtute
2368 978 2703 1049 praecellunt,
2732 988 2792 1034 ut
2820 981 2888 1035 ab
2940 993 3008 1035 eo
3038 978 3353 1035 instituatur
3408 983 3464 1036 in

1892 1082 2010 1126 arte
2041 1071 2237 1125 artium
2286 1087 2352 1125 ac
2409 1057 2643 1126 scientia
2692 1071 3095 1137 scientiarum;
3135 1072 3463 1137 monastica,

1892 1162 2137 1231 inquam,
2190 1162 2497 1232 disciplina.
2541 1159 2693 1215 Tune
2740 1176 2871 1216 vero
2910 1176 3164 1219 seorsum
3192 1162 3331 1218 cella
3365 1164 3467 1219 do-

1894 1266 2074 1319 natur,
2100 1256 2318 1325 quando
2345 1268 2538 1324 nempe
2563 1255 2681 1323 ipse
2715 1252 2816 1308 sibi
2852 1253 2917 1306 ad
2951 1254 3181 1309 salutem
3215 1254 3467 1311 sufficere

1893 1364 1923 1403 a
1950 1348 2204 1419 praefecto
2224 1347 2576 1415 iudicabitur.
2620 1344 2802 1415 Atque
2828 1345 2901 1401 ita
2925 1345 3145 1417 quidem
3169 1360 3324 1402 sacra
3350 1347 3463 1413 lex,

1894 1442 2327 1503 fundamentum,
2366 1440 2690 1510 principium
2732 1448 2787 1495 et
2820 1440 2972 1495 radix
3014 1439 3219 1495 divina:
3267 1440 3470 1495 beata:-

1894 1549 2000 1605 que
2049 1536 2192 1590 vitae.
2244 1537 2311 1589 At
2354 1534 2509 1590 exlex
2559 1534 2763 1588 malitia
2793 1534 2967 1603 legem
3003 1542 3282 1601 evertens,
3308 1548 3468 1588 mau-

1895 1630 2077 1684 datum
2131 1630 2392 1698 scriptum
2428 1628 2495 1681 ad
2549 1627 2910 1697 hegumenum
2980 1641 3075 1682 seu
3112 1626 3466 1697 praepositum

1896 1717 2083 1779 mittit,
2129 1718 2274 1786 quod
2317 1718 2389 1771 ita
2442 1716 2865 1785 complectitur:
2904 1715 3055 1771 illum
3085 1718 3468 1771 constituimus

1896 1807 2121 1863 fratrem
2158 1810 2209 1863 in
2240 1808 2569 1863 monasterio
2605 1817 2794 1863 nostro
2822 1806 2914 1862 illo
2943 1822 2959 1871 ;
2988 1815 3039 1860 et
3067 1805 3290 1875 s'ftscipe
3319 1820 3465 1870 eum,

1897 1900 2206 1971 praeposito,
2231 1915 2296 1954 ac
2332 1901 2586 1964 tonde,et
2616 1901 2767 1955 trade
2784 1899 2832 1953 ei
2862 1898 3028 1954 cellas
3047 1899 3099 1952 iu
3124 1897 3468 1953 mansionem

1897 2006 2049 2045 suam
2099 1998 2155 2043 et
2205 1990 2492 2058 requiem:
2547 1989 2665 2059 ipse
2716 1988 2881 2044 etiam
2915 1988 3148 2057 accipiat
3207 1987 3469 2057 quidquid

1897 2083 2091 2152 reliqui
2113 2082 2309 2138 fratres
2344 2082 2616 2153 accipiunt
2652 2098 2667 2138 :
2719 2082 2882 2136 facito
2926 2093 3142 2149 quoque
3161 2078 3468 2146 exemplum

1898 2176 2122 2246 hujusce
2154 2176 2324 2230 nostri
2361 2174 2624 2238 mandati,
2658 2188 2723 2229 ac
2776 2172 3012 2243 praebeto
3052 2172 3143 2227 tali
3195 2171 3262 2225 ad
3316 2185 3473 2226 secu-

1898 2268 2139 2323 ritatem.
2188 2268 2367 2337 Atque
2400 2267 2515 2322 haec
2547 2265 2792 2336 quidem,
2856 2266 2900 2320 si
2932 2264 3024 2320 ille
3062 2264 3203 2320 inter
3249 2262 3470 2333 religio-

1898 2364 2074 2417 siores
2137 2360 2546 2416 charisticarios
2597 2359 2775 2415 locum
2829 2366 2999 2413 tenet.
3044 2356 3180 2412 Nam
3226 2356 3275 2413 si
3323 2358 3470 2412 inter

1899 2455 2059 2508 aliter
2101 2452 2323 2508 affectos
2370 2462 2647 2514 censetur,
2675 2466 2851 2518 neque
2872 2449 3103 2520 simplici
3134 2449 3489 2505 salutatione-

1899 2548 2259 2616 hegumenum
2293 2546 2585 2615 dignatur;
2616 2547 2711 2601 sed
2741 2547 2804 2598 ad
2828 2559 2950 2600 eum
2982 2557 3141 2613 quem
3184 2543 3477 2598 constituis

1898 2652 1958 2695 ut
1991 2641 2149 2696 rebus
2171 2640 2799 2708 mouasteriiprovideat,
2835 2636 3113 2692 hominem
3146 2650 3325 2701 suum,
3352 2648 3470 2689 me-

1901 2739 2167 2790 moratum
2198 2730 2363 2784 mittit
2391 2714 2738 2790 mandatum;
2786 2742 2963 2796 neque
2993 2742 3063 2781 an
3092 2725 3165 2780 sit
3206 2726 3467 2796 praeposi-

1901 2826 1983 2871 tus
2016 2816 2239 2886 cogitat.
2274 2815 2684 2872 Labefactatum
2735 2815 2901 2887 igitur
2945 2814 3090 2872 illico
3118 2822 3202 2869 est
3261 2812 3469 2883 princi-

1899 2908 2071 2976 pium,
2126 2906 2464 2962 snbtractum
2510 2904 2614 2961 fuit
2657 2904 3068 2965 fundamentum
3118 2905 3289 2960 divini
3331 2905 3467 2960 aedi-

217 3003 495 3072 ἐπὲστησε
529 3002 598 3056 τά
626 3001 731 3071 τῆς
776 3003 947 3072 μονῆς
988 3004 1339 3072 προνοεῖσθαι
1374 3002 1664 3075 ἄνθρωπον
1699 3003 1800 3057 αὐ-

1902 2998 2032 3061 ﬁcii,
2068 3006 2121 3051 et
2156 2996 2307 3051 radix
2326 2997 2561 3053 exaruit.
2585 2995 2934 3051 Labefactato
2961 3007 3143 3051 autem
3173 2995 3489 3065 principio,.

215 3096 337 3158 τοῦ,
369 3093 431 3147 τὸ
463 3094 629 3164 ρηθέν
652 3093 975 3147 ἀποστέλλει
1006 3094 1341 3165 πρόσταγμα
1369 3112 1383 3127 ο
1411 3097 1534 3151 οὐδέ
1562 3098 1612 3148 εί
1650 3095 1798 3149 ἔστιν

1900 3102 2121 3143 necesse
2146 3096 2228 3143 est
2260 3086 2420 3142 simul
2444 3086 2754 3142 labefactari
2791 3096 2954 3141 totum
2983 3103 2999 3152 ;
3031 3086 3296 3143 subducto
3345 3086 3471 3142 fun-

214 3185 553 3256 ἡγούμενος,
591 3184 1031 3255 καθηγούμενος.
1066 3185 1350 3255 Διέςεθειρε
1382 3185 1480 3257 [αἱ.
1515 3186 1794 3259 διέφθορε]

1901 3180 2175 3247 damento,
2207 3181 2373 3233 etiam
2426 3179 2712 3234 aedilicium
2763 3180 3079 3235 necessario
3133 3178 3382 3245 corruit;
3418 3188 3474 3233 et

217 3277 351 3345 γοῦν
387 3278 710 3347 παραυτίκα
748 3280 779 3347 ή
816 3278 1000 3348 ἀρχὴ,
1038 3279 1131 3330 καὶ
1166 3278 1415 3347 ὑπεσύρη
1462 3280 1490 3331 ὀ
1541 3278 1792 3349 θεμέλιος

215 3370 317 3439 τῆς
365 3368 523 3430 θείας
574 3369 888 3437 οἰκοδομῆς,
936 3368 1033 3421 καὶ
1082 3370 1116 3438 ἡ
1163 3370 1286 3438 ῥίζα
1318 3371 1637 3440 ἐξήρανται.
1681 3373 1794 3442 Τῆς

216 3463 399 3532 ἀρχῆς
430 3462 489 3515 os
519 3460 921 3533 διαφθαρείσης
941 3499 958 3523 ,
992 3460 1203 3531 ἀνάγκη
1238 3463 1701 3532 συνδιαφθαρῆναι
1734 3465 1794 3517 τὸ

217 3556 327 3605 πᾶν
350 3570 364 3583 ο
394 3554 492 3605 καὶ
520 3552 613 3605 τοῦ
646 3551 902 3622 θεμελίου
932 3551 1403 3614 ὐτιοσπασθέντος,
1453 3553 1667 3621 ἀνάγκη
1698 3553 1795 3605 καὶ

216 3647 315 3713 τὴν
363 3644 658 3714 οἰκοδομὴν
717 3642 1221 3713 συγκατενεχθῆναι
1254 3660 1268 3675 ⁶
1329 3646 1423 3697 καὶ
1468 3645 1569 3713 τῆς
1633 3644 1792 3713 ῥίζης

219 3738 613 3808 ξηρανθείσης,
649 3737 865 3809 ἀνάγκη
909 3739 1005 3791 καὶ
1038 3738 1100 3790 τὸ
1133 3738 1385 3809 δένδρον’
1430 3741 1641 3809 ἤργησε
1684 3738 1793 3810 γάρ

216 3832 440 3893 αὐτίκα,
470 3832 619 3883 πᾶσα
648 3830 1009 3893 θεόπνευστος
1039 3828 1361 3885 διδασκαλία
1401 3834 1509 3886 τῶν
1528 3851 1792 3905 προειρη-

222 3919 403 3987 μένων
454 3917 760 3971 θεσπεσίων
809 3918 1097 3987 Πατέρων,
1150 3920 1284 3987 περὶ
1335 3921 1642 3991 ἀποταγῆς,
1701 3924 1793 3975 καὶ

217 4006 525 4074 ὑποταγῆς,
566 4006 661 4057 καὶ
695 4005 1068 4072 είσαγωγικῆς
1104 4008 1521 4075 στοιχειώσεως,
1561 4010 1657 4063 καὶ
1702 4012 1795 4064 ἐκ·

218 4097 397 4163 κοπῆς
443 4095 753 4164 θελήματος
797 4095 1137 4149 συντεθεῖσα.
1175 4098 1393 4151 Τούτων
1442 4099 1501 4151 δὲ
1548 4101 1623 4169 μὴ
1655 4117 1792 4171 προσ-

220 4186 591 4257 ῦπαρξάντων
648 4186 727 4255 τῷ
791 4187 1025 4255 μονάσαι
1089 4187 1319 4253 θέλοντι,
1386 4190 1509 4241 οὐδὲ
1559 4191 1687 4244 ἄλλο
1739 4209 1793 4245 τι

219 4280 445 4341 πάντως
469 4278 664 4346 ἕψεται
690 4278 799 4332 τῶν
826 4277 990 4332 θείων
1023 4280 1119 4333 τοῦ
1151 4283 1532 4350 πνευματικοῦ
1574 4286 1670 4339 καὶ
1697 4303 1791 4354 μο-

218 4370 450 4442 ναχικοῦ
487 4371 655 4440 νόμου
696 4371 1200 4443 παραγγελμάτων.
1235 4375 1344 4445 Τῆς
1387 4377 1496 4447 γὰρ
1522 4377 1616 4430 τοῦ
1662 4398 1795 4447 προ.

219 4464 463 4525 εστῶτος
507 4462 761 4526 ἐξουσίας
816 4463 1171 4536 ἀνῃρημένης
1224 4465 1329 4518 ὑπὸ
1379 4466 1478 4535 τῆς
1517 4472 1793 4541 κοσμικῆς

218 4553 497 4618 ἐξουσίας,
528 4552 605 4615 ὡς
637 4553 878 4623 εἴρηται,
912 4555 1012 4625 τῆς
1035 4557 1355 4627 σωματικῆς
1384 4575 1444 4610 τε
1470 4561 1658 4629 χρείας
1681 4563 1793 4627 τοῖς

224 4649 483 4715 μοναχοῖς
513 4646 612 4715 οὐχ
637 4644 727 4698 ὑπ’
756 4646 947 4709 αὐτοῦ,
966 4648 1082 4702 ἀλλ’
1115 4649 1221 4701 ὑπὸ
1252 4649 1348 4702 τοῦ
1374 4655 1792 4723 χαριστικαρίου

222 4737 630 4807 παρεχομένης,
680 4737 767 4801 τίς
818 4739 1002 4793 αὐτῶν
1031 4739 1111 4810 τῷ
1142 4744 1449 4812 προεστῶτι
1496 4748 1791 4817 προσέξει;

220 4829 303 4892 τίς
351 4828 765 4899 φοϐηθήσεται;
798 4830 879 4895 τίς
918 4832 1039 4895 ταῖς
1083 4832 1325 4897 ἐντολαῖς
1356 4834 1523 4889 αὑτοῦ
1566 4838 1794 4910 πειθαρ-

218 4921 400 4988 χήσει;
432 4918 517 4980 τίς
541 4920 915 4986 πνευματικὸν
937 4922 1211 4991 καυτῆρα,
1240 4923 1273 4993 ἢ
1299 4925 1495 4995 τομὴν,
1522 4926 1554 4996 ἢ
1590 4928 1793 4998 μικρὰν

221 5010 355 5075 γοῦν
388 5010 714 5080 ἐπιτίμησιν
747 5012 1146 5082 καταδέξεται;
1184 5015 1391 5069 τούτων
1442 5019 1499 5071 δέ
1542 5020 1638 5073 καὶ
1682 5021 1795 5075 τῶν

220 5102 486 5154 τοιούτων
517 5104 905 5173 ἀνῃρημένων,
943 5106 1159 5177 ἀνάγκη
1201 5108 1319 5161 ἐστὶ
1353 5110 1537 5163 λοιπὸν
1560 5150 1576 5177 ,
1610 5115 1793 5167 πᾶσαν

217 5196 321 5261 τὴν
364 5195 668 5265 μοναχικὴν
699 5196 790 5250 καὶ
826 5198 1134 5268 ἀσκητικὴν
1165 5202 1445 5257 πολιτείαν
1494 5206 1587 5257 καὶ
1620 5207 1792 5259 κατά-

220 5304 412 5339 στασιν
451 5286 696 5356 οἴχεσθαι
742 5290 1096 5362 πανωλεθρίᾳ
1116 5308 1130 5323 ο
1161 5295 1333 5364 μόνην
1362 5295 1460 5366 τὴν
1495 5297 1792 5368 περιϐολὴν

217 5377 292 5439 ὠς
322 5380 668 5446 προσωπεῖον
696 5383 1119 5450 περικειμένους
1159 5387 1303 5438 κατὰ
1328 5388 1421 5439 τὸν
1447 5388 1552 5452 ἔξω
1575 5390 1791 5459 ἀνθρω-

219 5484 343 5520 πον.
395 5466 560 5519 ’Λλλά
593 5468 689 5520 καὶ
721 5468 861 5538 αὑτὴ
892 5471 924 5537 ή
967 5470 1166 5535 ἔξωθεν
1202 5473 1507 5543 μόρφωσις,
1543 5475 1793 5544 ἀπήρξα-

215 5572 278 5612 το
306 5559 408 5630 ῆδη
444 5559 808 5626 ἀφανίζεσθαι
828 5577 839 5589 ·
875 5560 952 5623 ὡς
984 5562 1132 5615 ἐστιν
1155 5564 1288 5633 όρᾷν
1317 5568 1397 5628 εἰς
1421 5567 1490 5620 τὰ
1517 5568 1779 5621 δεδουλω-

219 5652 358 5720 μένα
395 5651 685 5719 κοσμικοῐς
725 5654 1093 5725 μοναστήρια.
1141 5656 1472 5728 Ἰσαρίθμιοι
1522 5662 1631 5730 γάρ
1684 5663 1791 5715 εἶσι

218 5739 411 5811 σχεδὸν
443 5744 556 5805 τοῖς
587 5744 844 5811 μοναχοῖς
868 5744 917 5796 οί
955 5748 1340 5816 ἐνταττόμενοι
1370 5752 1521 5822 παρά
1552 5753 1661 5807 τῶν
1698 5753 1791 5823 βα-

220 5834 415 5889 σιλέων
460 5832 551 5886 καὶ
579 5834 1014 5905 χαριστικαρίων
1042 5843 1301 5910 κοσμικοὶ
1324 5843 1547 5915 ἀδελφοὶ
1580 5847 1787 5916 ἐπωμο-

1902 3270 2084 3323 radice
2124 3267 2379 3333 arefacta,
2424 3267 2565 3322 idem
2598 3281 2821 3323 necesse
2850 3276 2935 3322 est
2963 3268 3240 3338 contingat
3265 3268 3468 3322 arbori.

1899 3358 2022 3413 Mox
2048 3360 2193 3413 enim
2250 3359 2483 3415 cessavit
2510 3357 2688 3413 omnis
2742 3358 3003 3414 divinitus
3038 3358 3306 3427 inspirata
3329 3372 3474 3428 prac-

1901 3456 2168 3510 dictorum
2228 3462 2540 3507 sanctorum
2608 3452 2831 3505 Patrum
2890 3449 3191 3517 doctrina,”
3230 3466 3351 3521 qua:
3405 3452 3474 3506 de

1901 3548 2328 3611 renuntiatione,
2346 3545 2676 3610 obedientia,
2694 3546 3091 3602 introductoria
3110 3545 3474 3607 institutione,

1902 3657 1961 3696 ac
1989 3642 2265 3696 excisione
2298 3638 2593 3695 voluntatis
2623 3638 2755 3709 agit.
2808 3638 2935 3695 llaec
2960 3648 3145 3695 autem
3177 3638 3230 3693 in
3262 3652 3328 3694 eo
3381 3637 3476 3708 qui

1900 3735 2253 3789 monasticam
2312 3732 2476 3787 vitam
2531 3732 2729 3787 ducere
2780 3733 2895 3788 vult
2932 3735 2980 3789 si
3036 3747 3144 3787 non
3186 3734 3473 3803 praeexsti-

1900 3826 2087 3890 terint,
2144 3839 2321 3895 neque
2368 3823 2516 3878 aliud
2570 3825 2793 3878 omnino
2850 3826 3153 3880 divinorum
3211 3822 3485 3895 spiritalis

1900 3929 1955 3975 et
1991 3917 2302 3974 monasticae
2336 3914 2473 3986 legis
2512 3926 2907 3984 praeceptorum
2953 3923 3232 3985 sequetur.
3262 3913 3473 3983 Quippe

1901 4012 2201 4081 superioris
2264 4011 2591 4065 auctoritate
2632 4024 2737 4079 pet.
2780 3992 3096 4063 saecularem
3150 4015 3473 4075 potestatem

1900 4103 2134 4168 sublata,
2176 4103 2317 4157 sicut
2351 4102 2554 4157 dictum
2607 4112 2714 4165 est,
2751 4111 2805 4155 et
2841 4098 3110 4169 corporali
3141 4097 3472 4154 necessitate

1899 4210 2005 4249 non
2038 4210 2132 4264 per
2168 4195 2364 4261 ipsum,
2416 4193 2511 4248 sed
2552 4208 2649 4261 per
2676 4193 3119 4248 charisticarium
3185 4194 3473 4248 monachis

1901 4287 2146 4357 prmbita,
2188 4287 2312 4355 quis
2334 4300 2520 4340 eorum
2550 4284 2625 4339 illi
2675 4286 2920 4340 attendet
2944 4286 2967 4339 ll
2988 4286 3121 4351 Quis
3148 4301 3272 4341 eum
3305 4286 3476 4339 time-

1900 4377 2019 4433 bit?
2063 4377 2192 4444 Quis
2224 4377 2622 4446 obtemperahit
2673 4376 2944 4431 mandatis
2973 4376 3138 4443 ejus?
3192 4376 3326 4443 Quis
3364 4377 3477 4445 spi-

1902 4473 2109 4528 ritalem
2142 4480 2440 4535 cauterem,
2473 4471 2557 4527 vel
2596 4473 2916 4535 sectionem,
2975 4472 3059 4527 vel
3090 4484 3313 4540 parvam
3344 4484 3476 4524 sane

1828 4550 1871 4605 θ
1903 4565 2380 4635 reprehensionem
2430 4564 2733 4619 admittet?
2768 4564 2866 4620 His
2906 4579 3039 4621 vero
3068 4578 3130 4620 ac
3160 4562 3473 4632 ltujusmodi

1897 4658 2147 4723 sublatis,
2205 4658 2329 4711 inde
2393 4670 2617 4712 necesse
2680 4664 2784 4722 est,
2840 4670 3059 4710 omnem
3118 4654 3474 4710 monasticam

1898 4748 2295 4817 asceticamque
2336 4749 2502 4802 vitam
2547 4759 2598 4802 et
2634 4748 3034 4803 institutionem
3092 4748 3276 4818 perire
3343 4748 3470 4801 fun-

1896 4841 2083 4905 ditus;
2134 4848 2297 4909 atque
2327 4841 2621 4896 monachos
2679 4842 2795 4897 solo
2848 4839 3180 4896 circumdari
3242 4839 3470 4903 amictu,

1898 4932 2070 4986 instar
2100 4932 2285 4995 larvas,
2320 4933 2618 4986 secundum
2647 4932 2977 4987 exteriorem
3034 4931 3332 4987 hominem.
3359 4930 3467 4986 Sed
3551 4918 3556 4923 ’

1894 5040 1948 5085 et
1979 5030 2091 5099 ipsa
2126 5031 2369 5085 exterior
2423 5029 2935 5098 formatura,cuepit
2973 5028 3084 5096 jam
3102 5041 3463 5082 evanescere:

1896 5132 1951 5176 ut
1988 5136 2211 5177 cernere
2259 5122 2418 5175 datur
2467 5122 2519 5175 in
2570 5120 2920 5175 Inonasteriis
2946 5134 3068 5188 qua:
3116 5120 3469 5175 saecularibus

1894 5214 2156 5268 serviunt.
2218 5213 2334 5267 Non
2375 5214 2592 5269 totidem
2629 5211 2747 5266 fere
2779 5225 2845 5265 ac
2890 5210 3142 5266 monachi
3200 5221 3345 5277 sunt,
3378 5214 3468 5281 qui

1895 5308 1964 5362 ab
2010 5307 2431 5376 imperatoribus
2474 5304 2948 5362 etcharisticariis
2974 5304 3314 5361 collocantur
3357 5319 3463 5359 sa:-

1895 5398 2110 5453 culares
2166 5397 2384 5461 fratres,
2436 5398 2580 5452 intra
2609 5399 3000 5454 monasterium
3059 5398 3372 5454 habitantes
3414 5406 3470 5451 ct

1894 5495 2048 5539 extra
2092 5488 2481 5541 monasterium
2508 5498 2816 5544 manentes.
2846 5491 3021 5559 Atque
3046 5489 3189 5545 intra
3219 5500 3466 5544 sanctam

1896 5578 2176 5631 niandram
2207 5596 2220 5644 ;
2258 5593 2291 5631 ο
2320 5593 2430 5632 rem
2468 5579 2793 5635 absurdam!
2843 5581 3134 5637 saeculares
3198 5591 3466 5640 mactant.

1894 5680 2114 5720 carnem
2167 5670 2480 5734 comedunt,
2562 5670 2855 5736 tragmdias
2914 5681 3101 5741 agunt,
3161 5679 3467 5739 cunctaque

1895 5758 2173 5812 smcularia
2206 5758 2449 5814 instituta
2480 5771 2875 5831 persequuntur
2897 5776 3019 5818 cum
3048 5764 3193 5818 omni
3221 5766 3468 5821 licentia.

1898 5850 1957 5904 lit
1984 5851 2104 5921 quis
2144 5852 2389 5925 antbigit,
2422 5856 2551 5925 quin
2602 5854 2931 5927 procedente
2956 5864 3195 5925 tempore
3221 5874 3283 5914 ac
3325 5860 3466 5913 tualo
