4194 6444
719 397 859 463 1143

1925 403 2253 465 ΙΟΔΝΝΙΞ
2294 404 2771 465 ANTIOCIIENI

3843 413 3989 477 11“

717 534 1070 590 progressum
1125 519 1384 585 faciente,
1440 522 1771 575 monasteria
1798 521 2013 590 penitus
2034 523 2294 577 vertenda

2409 524 2553 577 νῖται
2607 522 2702 576 καὶ
2751 522 3099 593 ἑξωμονῖται.
3155 522 3265 576 Καὶ
3297 523 3501 577 ἔσωθεν
3531 526 3629 601 τῆς
3656 526 3818 594 ἀγίας
3855 526 3985 593 μάν-

721 614 831 665 sint
898 610 951 665 in
1002 610 1282 665 saecularia
1358 612 1695 676 diversum;
1746 615 1985 683 quinque
2047 615 2098 667 id
2150 612 2294 682 quod

713 707 936 771 exsequi
994 718 1098 756 non
1153 704 1328 773 potuit
1374 705 1713 759 miserrimus
1759 706 2135 775 Coprmrymus
2182 707 2295 775 (eo

712 795 854 850 enim
886 794 975 847 ille
1010 796 1354 866 collimabat)
1415 811 1511 863 per
1536 798 1870 851 orthodoxos
1924 798 2239 867 perﬁciatur
2273 796 2296 849 ?

710 888 792 940 [ta
839 901 967 957 ergo
985 888 1159 945 .draco
1203 903 1363 943 etiam
1390 902 1483 942 eos
1501 888 1593 957 qui
1625 890 1949 943 donationes
1988 888 2293 957 accipiunt,

710 976 845 1045 ipsis
889 978 1229 1046 cupientibus
1284 978 1637 1033 interimitac
1700 980 1942 1032 devorat.
1994 979 2168 1045 Atque
2217 978 2298 1030 ha:

714 1077 847 1123 sunt
894 1070 1106 1124 illorum
1148 1070 1480 1138 iniquitates,
1532 1084 1596 1124 ne
1628 1071 1803 1125 dicam
1853 1070 2185 1139 impietates,
2233 1070 2298 1123 de

711 1161 902 1216 multis
956 1177 1141 1229 pauca:
1209 1172 1543 1229 memoratae,
1623 1178 1689 1217 nc
1744 1162 1957 1216 modum
2008 1164 2295 1217 excederet

713 1252 1067 1322 eonscriptio.

2403 616 2557 685 δρας,
2583 615 2627 667 ὢ
2649 615 2751 684 τῆς
2776 616 3027 681 ἀτοπίας,
3050 616 3100 667 οί
3126 619 3385 686 κοσμικοὶ
3412 618 3701 685 σφάζουσι,
3730 636 3989 684 κρεωφα-

2405 708 2597 774 γοῦσι,
2646 708 3014 779 τραγῳδοῦσι,
3062 709 3157 762 καὶ
3202 710 3382 763 πάντα
3421 711 3487 763 τὰ
3518 712 3759 781 κοσμικά
3797 712 3989 778 ἐπιτη-

2402 798 2650 867 δεύματα
2678 800 2847 869 δρῶσι
2888 798 3029 867 μετά
3076 800 3261 867 πάσης
3292 800 3564 865 ἐξουσίας.
3622 803 3730 854 Καὶ
3754 804 3840 859 τίς
3880 803 3991 866 ἁμ-

2407 890 2680 959 φιῦἀλλεε,
2739 891 2833 943 τοῦ
2893 891 3086 960 χρόνου
3136 893 3443 961 προϊόντος,
3498 894 3595 947 καὶ
3648 892 3744 945 τοῦ
3807 891 3985 946 κακοῦ

2405 982 2839 1054 προκόπτοντος,
2873 983 2945 1052 μὴ
2966 982 3192 1046 τελείως
3223 984 3487 1053 γενέσθαι
3510 986 3579 1038 τὰ
3616 987 3984 1055 μοναστὴρια,

2406 1076 2650 1143 κοσμικά
2710 1075 3034 1143 καταγώγια
3091 1091 3105 1106 ·
3165 1078 3260 1129 καὶ
3318 1078 3457 1147 ὅπερ
3513 1078 3615 1130 οὐκ
3668 1078 3913 1147 ἠδυνήθη
3960 1080 3988 1129 ὀ

2406 1166 2720 1234 τρισάθλιος
2772 1166 3154 1238 Κοπρὼνυμος
3213 1169 3609 1239 κατορθῶσαι·
3662 1168 3825 1223 τοῦτο
3876 1170 3987 1239 γὰρ

2406 1256 2604 1328 ἐκείνῳ
2648 1257 2852 1321 σκοπός
2881 1274 2893 1287 ·
2946 1259 3054 1313 ὑπὸ
3083 1259 3193 1312 τῶν
3226 1260 3526 1331 ὀρθοδόξων
3582 1260 3982 1331 πληρωθῆναιῖ

715 1346 906 1411 Οὕτως
940 1348 1128 1403 τοίνυν
1156 1352 1185 1403 ό
1218 1350 1435 1420 δράκων
1486 1351 1585 1402 καὶ
1637 1352 1763 1411 τοὺς
1800 1350 1897 1415 τὰς
1942 1350 2151 1420 δωρεὰς
2197 1349 2600 1420 λαμόἀνοντας,
2644 1354 2815 1424 ἡδέως
2853 1356 3070 1427 ἀναιρεῖ
3123 1354 3220 1409 καὶ
3276 1356 3591 1409 καταπίνει.
3637 1357 3743 1408 Καὶ
3810 1354 3988 1408 ταῦτα

704 1441 773 1494 τὰ
799 1443 980 1496 αὐτῶν
1009 1444 1371 1512 ἀνομήματα,
1407 1443 1495 1495 ἵνα
1527 1442 1602 1513 μὴ
1635 1443 1779 1511 λέγω
1818 1445 2170 1515 ἀσεϐήματα,
2205 1448 2269 1498 ἐκ
2309 1446 2519 1499 πολλῶν
2552 1449 2732 1518 ὀλίγα,
2763 1450 2848 1503 διὰ
2884 1450 2981 1521 τὴν
3008 1451 3415 1523 πολυγραφίαν.

779 1538 896 1595 XV.
939 1540 1205 1593 Cmterum
1238 1552 1462 1594 necesse
1486 1548 1570 1594 est
1612 1549 1670 1593 ut
1720 1540 2006 1609 loquamur
2038 1544 2103 1596 de
2151 1542 2300 1608 abje-

704 1636 806 1687 ctis
831 1644 882 1688 et
914 1632 1314 1688 miserabilibus
1345 1633 1648 1697 monachis,
1676 1632 1744 1687 de
1765 1634 1963 1701 quibus
1992 1648 2055 1686 ac
2080 1647 2301 1702 propter

705 1740 844 1796 quos
873 1738 1034 1778 omne
1094 1723 1333 1779 studimn
1387 1723 1712 1792 intelligihili
1746 1733 1802 1776 et
1849 1723 2079 1792 spiritali
2128 1723 2295 1789 leoni,

2481 1542 2562 1599 ιε’.
2606 1548 2743 1616 Περὶ
2780 1548 2836 1601 δὲ
2860 1548 2968 1601 τῶν
2998 1548 3271 1603 ταπεινῶν
3293 1549 3387 1601 καὶ
3416 1548 3672 1603 ἐλεεινῶν
3706 1550 3985 1619 μοναχῶν,

2408 1638 2537 1706 περὶ
2576 1632 2652 1689 ὧν
2676 1641 2770 1691 καὶ
2796 1639 2864 1690 δι’
2892 1638 2985 1701 οὓς
3012 1641 3043 1709 ὴ
3070 1641 3217 1693 πᾶσα
3254 1641 3459 1709 σπουδὴ
3493 1640 3570 1710 τῷ
3593 1640 3768 1710 νοητῷ
3788 1642 3985 1700 λέοντι,

2407 1730 2500 1781 καλ⁵
2532 1730 2563 1799 ἡ
2595 1729 2895 1799 ἀκόρεστος
2935 1731 3028 1784 καὶ
3058 1731 3344 1795 άνένδοτος
3398 1731 3588 1797 ἔφεσις
3641 1734 3741 1802 τῆς
3809 1734 3988 1785 αὐτῶν

705 1827 760 1868 et
791 1814 1094 1869 insatiabile
1113 1815 1552 1885 obstinatumqne
1580 1830 1766 1869 eorum
1799 1816 2121 1886 perditionis
2152 1816 2294 1870 desi-

2403 1820 2706 1885 ἀπωλείας,
2736 1820 2804 1874 δι’
2826 1823 2893 1891 ῆν
2922 1824 3016 1876 καὶ
3050 1824 3220 1877 πᾶσαι
3259 1824 3313 1877 αί
3348 1822 3753 1894 προειρημέναι
3820 1822 3985 1875 αὑτοῦ

705 1906 955 1969 deriuar;
997 1906 1065 1959 oh
1107 1919 1271 1975 quam
1312 1914 1367 1960 et
1400 1916 1608 1961 cuncta:
1638 1908 1758 1975 ejus
1809 1919 1967 1961 antea
2016 1906 2297 1976 explicata:

706 1996 1137 2053 machinationes
1164 1999 1484 2067 excogitatae
1513 1998 1751 2065 fuerunt,
1786 2015 1907 2053 cum
1932 2000 2071 2054 sicut
2093 1999 2293 2053 dictum

708 2088 846 2153 fuit,
886 2090 1068 2143 videre
1105 2106 1209 2143 non
1244 2090 1539 2145 sustineret
1581 2091 1812 2145 salutem
1848 2106 1968 2161 qua!
1996 2108 2025 2145 a
2061 2090 2168 2145 Deo
2203 2108 2298 2159 per

710 2182 858 2245 ipsos
888 2182 1087 2235 mundo
1116 2182 1487 2251 contingebat.
1528 2183 1658 2237 Nam
1690 2186 1873 2239 statim
1916 2201 1980 2240 ac
2033 2185 2180 2254 ipsos
2213 2186 2295 2254 ip-

705 2288 1002 2341 sorumque
1034 2276 1426 2328 monasterium
1472 2276 1672 2330 invasit
1710 2279 2150 2346 charisticarins,
2178 2295 2297 2333 om-

706 2366 903 2436 niaque
940 2368 1180 2434 ipsormn
1230 2382 1352 2420 enm
1387 2368 1519 2437 ipsis
1557 2368 1609 2421 in
1655 2369 1832 2423 sinum
1862 2371 2098 2439 conjecit
2144 2387 2207 2425 ac
2238 2372 2290 2425 in

704 2457 1023 2510 servitutem
1096 2458 1325 2525 redegit,
1395 2457 1576 2511 intuiti
1647 2462 1961 2515 monasterii
2030 2476 2295 2532 Suamqnc

704 2549 1107 2617 subactiuncm,
1139 2552 1502 2606 succumbunt
1536 2552 1700 2606 etiam
1729 2554 1906 2618 inviti,
1940 2555 2081 2609 heul
2127 2570 2297 2609 sarcu-

704 2638 804 2691 lari
836 2641 1125 2708 potentiae:
1157 2648 1211 2694 et
1247 2641 1428 2709 inopia
1467 2645 1900 2698 necessariorum
1941 2646 2137 2713 pressi,
2175 2646 2294 2699 vin-

704 2729 829 2794 ctis,
854 2732 996 2799 quod
1029 2730 1133 2786 dici
1168 2730 1594 2794 solet,manibus
1623 2733 2003 2788 charisticario
2027 2734 2296 2790 famulan-

707 2833 833 2883 tur,
895 2820 1012 2891 ejus
1068 2823 1353 2891 przeceplis
1400 2824 1860 2893 smcnlaribusque
1925 2825 2293 2881 voluntatibus

703 2912 1019 2967 ubedientes
1054 2916 1226 2968 instar
1257 2914 1689 2984 mancipiorum;
1731 2932 1905 2986 neque
1952 2933 2018 2972 an
2064 2918 2195 2987 ip=is
2225 2918 2295 2973 sit

706 3003 1035 3073 prtepositns
1088 3006 1610 3060 animadvertentes.
1660 3006 1737 3058 Ad
1796 3013 2132 3077 hegnmenns
2196 3023 2291 3063 seu

703 3110 907 3162 przeses
934 3105 987 3151 et
1015 3097 1226 3161 ductor,
1265 3099 1309 3153 si
1344 3113 1482 3153 unus
1524 3112 1554 3151 e
1596 3099 1758 3169 vulgo
1806 3108 1911 3163 est,
1946 3100 2062 3169 ipse
2093 3101 2295 3171 pariter

703 3188 1397 3259 charisticarii.potestate
1443 3192 1734 3259 abripitur,
1790 3192 1954 3260 fitque
1986 3207 2050 3246 ae
2097 3193 2296 3246 dicitur

701 3294 804 3351 pro
838 3283 1065 3336 ductore
1093 3284 1310 3339 ductus.
1341 3284 1497 3350 Quod
1529 3286 1571 3339 si
1606 3284 1788 3339 forsan
1824 3300 1854 3339 e
1885 3300 2111 3340 numero
2134 3284 2298 3339 fuerit

705 3371 1032 3441 spiritalium
1069 3382 1124 3428 et
1178 3376 1493 3443 proborum,
1542 3376 1761 3430 resistet
1795 3378 2011 3447 quidem
2048 3390 2111 3429 ac
2145 3376 2297 3430 oblu-

705 3465 946 3520 ctahitur
974 3466 1321 3536 aliquatenus
1347 3468 1709 3525 charisticarii
1745 3469 2052 3523 temerariis
2082 3469 2297 3523 insnlti-

707 3557 830 3621 bus,
860 3567 1025 3627 atque
1055 3560 1223 3613 divini
1253 3562 1525 3616 sermonis
1555 3560 1759 3627 ﬁstula,
1789 3562 2006 3615 monitis
2030 3561 2294 3630 pluribus,

706 3648 1101 3721 frequenteque
1140 3654 1541 3721 adhortatione,
1578 3660 1816 3710 attrahct
1846 3656 1910 3708 ad
1943 3671 1999 3710 se
2037 3656 2294 3724 quosdam

704 3740 933 3797 fratrum
982 3761 996 3799 :
1046 3745 1139 3799 sed
1188 3755 1242 3800 et
1300 3747 1373 3801 illi
1424 3758 1710 3802 cernentes
1755 3749 1896 3816 quod
1952 3747 2151 3802 fratres
2201 3748 2292 3817 qui

705 3834 1088 3890 charisticario
1121 3838 1428 3905 adhaerent,
1485 3840 1943 3910 prazpositumque
1984 3840 2294 3894 monasterii

707 3937 1093 3993 centemnnnt,
1126 3930 1442 3984 nonnullum
1470 3946 1532 3985 ex
1566 3941 1718 4001 parte
1745 3944 2149 4002 consequantur
2178 3934 2298 3987 vitae

704 4019 981 4084 solatium,
1041 4021 1142 4089 ipsi
1199 4038 1327 4078 vero
1382 4024 1792 4093 despiciantur,
1857 4025 2131 4093 palinodia
2192 4027 2294 4091 nsi,

705 4113 1092 4168 eharisticario
1138 4115 1303 4170 etiam
1348 4116 1451 4185 ipsi
1504 4117 1805 4187 adjungunt
1848 4134 1947 4183 se;
1986 4134 2014 4172 a
2047 4134 2155 4188 quo
2191 4132 2295 4171 non

706 4201 1109 4269 admittuntur,
1168 4205 1340 4260 donec
1391 4207 1441 4258 ei
1499 4207 1847 4262 exhibuerint
1889 4210 1996 4263 odii
2037 4211 2298 4263 adversus

704 4296 1058 4365 praepositum
1096 4296 1311 4367 aliquod
1344 4298 1754 4355 documentum.
1798 4302 1936 4367 Quid
1976 4317 2109 4371 ergo
2137 4302 2298 4357 faciet

708 4387 931 4443 humilis
973 4388 1061 4443 ille
1088 4390 1421 4459 prmfectus?
1459 4393 1586 4462 quid
1641 4394 2007 4463 excogitahit?
2038 4396 2295 4461 Quantam

704 4482 881 4536 oratio
909 4482 1200 4551 explicabit
1233 4499 1542 4553 supremam
1564 4485 1678 4552 ejus
1706 4484 2048 4541 afflictionem
2082 4496 2137 4541 et
2167 4501 2297 4540 con-

2408 1914 2814 1985 μηχανουργίαι
2850 1914 3247 1983 ἐπενοήθησαν,
3269 1915 3345 1984 μὴ
3375 1914 3595 1984 φέροντι
3623 1914 3891 1984 καθορᾷν.
3915 1913 3987 1973 ὡς

2407 2004 2756 2075 προείρηται,
2786 2003 2886 2075 τὴν
2912 2003 2979 2056 δι’
3001 2004 3183 2057 αὐτῶν
3222 2004 3663 2075 προσγινόμενην
3690 2004 3769 2071 τῷ
3798 2004 3988 2069 κόσμῳ

2405 2086 2557 2157 παρά
2592 2087 2732 2140 Θεοῦ
2770 2087 3073 2159 σωτηρίαν,
3108 2088 3412 2157 ἀναγκαῖον
3448 2090 3649 2140 εἰπείν.
3678 2088 3835 2155 Ἀμα
3875 2088 3985 2154 γὰρ

2403 2180 2481 2250 τῷ
2515 2180 2772 2250 ἐπιϐῆναι
2796 2182 2983 2245 αὐτοῖς
3015 2180 3112 2234 καὶ
3145 2183 3209 2251 τῇ
3241 2181 3418 2234 αὐτῶν
3441 2183 3575 2251 μονῇ
3615 2180 3707 2233 τὸν
3738 2195 3989 2249 χαριστι-

2403 2278 2618 2346 κάριον,
2658 2276 2753 2328 καὶ
2786 2274 2962 2327 πάντα
2986 2275 3053 2328 τὰ
3079 2274 3263 2328 αὐτῶν
3298 2276 3392 2327 καὶ
3451 2274 3651 2337 αὐτοὺς
3698 2268 3984 2340 ἐγκολπώ-

2406 2366 2602 2419 σασθαι
2638 2368 2733 2418 καὶ
2763 2364 3229 2436 κιτακυριεῦσαι,
3271 2366 3346 2429 ὡς
3376 2366 3699 2433 δεδήλωται,
3738 2362 3984 2432 ἐωρακόο

2404 2476 2495 2523 τες
2524 2460 2622 2530 τὴν
2643 2459 2743 2527 τῆς
2766 2460 2933 2528 μονῆς
2953 2459 3048 2512 καὶ
3068 2457 3277 2512 ἑαυτῶν
3303 2458 3730 2520 καταδούλωσιν,
3767 2454 3945 2508 ὑποκὺ
3963 2479 3978 2491 -

2405 2570 2599 2605 πτουσι
2625 2552 2718 2604 καὶ
2740 2550 2813 2621 μὴ
2844 2550 3107 2614 θέλοντες,
3134 2550 3259 2619 φεῦ,
3286 2553 3351 2621 τῇ
3381 2552 3621 2619 κοσμικῇ
3646 2548 3939 2616 δυναστείᾳ
3965 2563 3979 2579 ο

2403 2644 2498 2695 καὶ
2528 2642 2632 2694 ὑπὸ
2661 2643 2761 2709 τῆς
2797 2641 3006 2704 ἐνδείας
3033 2643 3142 2695 τῶν
3164 2640 3480 2709 ἀναγκαίων
3537 2639 3861 2707 πιεζόμενοι
3894 2638 3983 2689 δε-

2402 2732 2673 2799 δεμέναις,
2704 2730 2732 2783 ὃ
2760 2731 2816 2783 δὲ
2848 2731 3101 2797 λέγεται,
3128 2732 3249 2794 ταῖς
3285 2731 3466 2802 χερσὶ,
3502 2727 3982 2799 δουλοπρεπῶςτῷ

2403 2823 2801 2893 χαριστικαρίῳ
2862 2822 3253 2893 παρίστανται,
3334 2820 3761 2891 πειταρχοῦντες
3826 2819 3982 2887 δίκην

2402 2914 2757 2985 ἀνδραπόδων
2793 2917 2906 2975 τοῖς
2940 2914 3122 2967 αὐτῶν
3147 2914 3488 2983 διατάγμασι
3547 2914 3641 2967 καὶ
3692 2912 3981 2982 κοσμικοίς

2402 3006 2704 3075 θελήμασιν
2740 3024 2755 3039 ο
2788 3006 2912 3060 οὐδὲ
2942 3008 2990 3059 εί
3032 3006 3182 3059 ἐστιν
3218 2994 3718 3077 αὐτοῖς’προεστὼς
3755 3004 3980 3057 ἐπιστά-

2406 3113 2578 3165 μενοι.
2618 3096 2679 3147 '0
2711 3095 2766 3148 δὲ
2798 3094 3120 3164 ἡγούμενος,
3148 3097 3195 3147 εί
3232 3095 3331 3165 μὶν
3368 3096 3477 3149 τῶν
3499 3095 3709 3148 πολλῶν
3732 3091 3815 3155 εἷς
3842 3093 3977 3157 ἐστὶ,

2404 3191 2777 3259 συναπᾶγεται
2845 3188 2940 3241 καὶ
3028 3188 3193 3251 αὐτὸς
3254 3190 3323 3258 τῇ
3390 3188 3485 3242 τοῦ
3554 3185 3977 3259 χαριστικαρίου

2402 3283 2643 3353 ἐξουσίᾳ,
2679 3281 2771 3335 καὶ
2812 3281 3024 3348 γίνεται
3063 3282 3160 3334 καὶ
3216 3281 3435 3349 λέγεται
3502 3282 3624 3334 ἀντὶ
3669 3279 3975 3349 ἡγουμένου

2400 3381 2687 3447 ἀγόμενος.
2723 3377 2783 3428 Εί
2816 3376 2871 3429 δὲ
2906 3374 3045 3446 τύχη
3086 3370 3225 3427 εἷναί
3290 3391 3373 3436 τις
3429 3372 3525 3426 τοῦ
3590 3369 3977 3439 πνευματικῶν

2400 3474 2494 3524 καὶ
2522 3470 2741 3535 λογίων,
2766 3467 2980 3536 ἀντέχει
3016 3468 3115 3536 μὲν
3154 3465 3283 3537 ἄχρι
3311 3464 3457 3527 τινὸς
3493 3464 3591 3517 καὶ
3650 3462 3976 3518 ἀνθίσταται

2397 3567 2516 3626 ταῖς
2575 3561 2671 3614 τοῦ
2728 3559 3144 3630 χαριστικαρίου
3212 3556 3824 3627 παραλόγοιςὸρμαῖς,
3885 3554 3978 3607 καὶ

2401 3656 2701 3709 ἐπισπᾶται
2744 3654 2880 3723 πρὸς
2916 3652 3112 3706 ἑαυτὸν
3136 3653 3200 3722 τῇ
3224 3650 3319 3703 τοῦ
3358 3650 3505 3702 θείου
3536 3649 3698 3715 λόγου
3730 3646 3973 3716 σύριγγι,

2396 3750 2462 3818 τῇ
2498 3746 2668 3817 πολλῇ
2702 3744 2957 3815 νουθεσίᾳ
2984 3744 3158 3812 καὶτῇ
3188 3745 3371 3813 πυκνῇ
3396 3741 3767 3812 παρακλήσει,
3803 3739 3976 3799 ἐνίους

2397 3844 2507 3897 τῶν
2532 3840 2781 3909 ἀδελφῶν
2804 3855 2821 3873 ’
2853 3839 2991 3892 ἀλλὰ
3019 3837 3115 3892 καὶ
3144 3836 3301 3890 αὐτοὶ
3330 3834 3561 3903 ὁρῶντες
3592 3835 3719 3895 τοὺς
3770 3826 3850 3899 τῷ
3880 3848 3975 3899 χαι-

2400 3933 2728 4007 ριστικαρίῳ
2754 3930 3197 4002 προσανέχοντας
3230 3926 3517 3996 ἀδελφοὺς,
3577 3924 3673 3978 καὶ
3711 3922 3878 3978 αὑτοῦ
3913 3922 3974 3990 δὴ

2398 4025 2491 4080 τοῦ
2524 4023 2830 4095 ἡγουμένου
2860 4020 3347 4091 περιφρονοῦντας,
3409 4020 3643 4089 μερικῆς
3667 4032 3816 4079 τινος
3842 4031 3975 4085 προ-

2398 4116 2549 4179 νοίας
2598 4114 2981 4185 ἀξιουμένους,
3024 4112 3254 4174 ἑαυτοὺς
3304 4111 3362 4163 δὲ
3426 4108 3975 4179 παραδλεπομένους,

2399 4207 2701 4278 παλινῳδίᾳ
2733 4208 3095 4277 χρησάμενοι,
3136 4203 3215 4273 τῷ
3246 4200 3650 4272 χαριστικαρίῳ
3703 4200 3801 4253 καὶ
3825 4200 3977 4252 αὐτοὶ

2398 4300 2817 4372 προστίθενται,
2852 4296 2927 4369 μὴ
2958 4292 3397 4367 παραδεχόμενοι
3452 4294 3543 4346 ὑπ’
3576 4292 3770 4357 αὑτοῦ,
3819 4294 3976 4361 ἄχρις

2398 4387 2460 4444 οὑ
2494 4392 2697 4463 δείγμά
2718 4408 2770 4444 τι
2794 4391 2895 4462 τῆς
2919 4390 3055 4457 πρὸς
3086 4388 3179 4441 τὸν
3204 4386 3622 4456 καθηγούμενον
3680 4386 3977 4453 ἀπεχθείας

2401 4487 2551 4557 αὑτῷ
2576 4484 2932 4556 παράσχωσι.
2960 4482 3027 4534 Τί
3050 4479 3145 4533 οὖν
3178 4479 3444 4549 ποιήσειό
3472 4478 3733 4539 ταπεινὸς
3769 4479 3977 4536 ἐκεῖνος

704 4574 811 4629 silii
838 4575 1095 4645 inepiam,
1122 4576 1248 4631 dum
1279 4577 1472 4646 aspicit
1508 4578 1812 4633 animarum
1852 4594 2077 4648 quarum
2113 4589 2294 4649 pastor

2402 4577 2747 4650 ήγούμενος;
2789 4574 2843 4627 τί
2899 4572 3369 4643 διανοηθήσεταις
3425 4572 3580 4632 ποῖος
3632 4570 3979 4639 παραστήσει

706 4679 791 4722 «εει
821 4668 1126 4733 interitum,
1174 4667 1421 4723 Numinis
1468 4680 1878 4740 contemptum,
1910 4687 2069 4725 omne
2121 4671 2293 4725 sancti

706 4761 917 4817 ordinis
939 4762 1258 4830 periculum,
1286 4770 1589 4831 cunctaque
1606 4761 1716 4829 jam
1741 4764 1881 4817 dicta
1905 4763 2245 4818 incommoda
2271 4762 2295 4815 ‘I

707 4851 897 4920 Neque
942 4866 1074 4906 vero
1104 4852 1315 4921 prolato
1361 4852 1536 4906 solum
1588 4853 1747 4907 modo
1794 4863 2018 4922 pereunt
2062 4852 2295 4907 humiles

711 4942 984 5009 monachi,
1036 4944 1439 5011 sed.multiplex
1473 4956 1557 4999 est
1583 4960 1771 4999 eorum
1808 4946 2085 5000 interitus.
2132 4943 2295 4999 Nam.-

708 5049 815 5103 qne
847 5035 897 5086 in
927 5034 1092 5088 multa
1118 5035 1350 5090 absurda
1385 5050 1480 5103 per
1505 5036 1854 5105 lndigcntiam
1909 5035 2292 5098 devolvuntur;

632 5168 636 5172 Α
710 5116 1129 5196 negotiationem
1163 5137 1435 5192 exercent,
1458 5137 1627 5181 artem
1653 5128 1993 5197 cauponiam,
2025 5142 2295 5199 omneque

712 5220 973 5276 smculare
1008 5221 1337 5284 institutum,
1386 5230 1608 5289 propter
1664 5220 2029 5275 miserabilem
2084 5235 2287 5291 corpo-

713 5330 860 5370 ream
888 5315 1079 5368 vitam.
1116 5313 1390 5381 Ejusmodi
1428 5322 1513 5369 est
1546 5328 1664 5382 qua:
1714 5315 1765 5367 in
1810 5316 2049 5367 virorum
2100 5328 2293 5369 mona-

714 5407 895 5461 steriis
931 5407 1040 5475 agit
1073 5407 1361 5476 agiturque
1393 5407 1667 5476 impietas.
1717 5407 1846 5460 Eam
1879 5418 2056 5460 autem
2085 5424 2203 5475 qua:
2240 5408 2291 5460 in

714 5497 1001 5549 mulierum
1039 5498 1386 5551 monasteriis
1419 5508 1689 5559 versatur,
1744 5499 1866 5567 quis
1916 5512 2098 5553 sermo
2143 5515 2291 5553 asse-

715 5600 933 5658 quetur,
960 5588 1027 5641 ob
1051 5590 1171 5641 mali
1200 5589 1575 5642 nimietatem?
1602 5587 1733 5654 Quis
1758 5603 1860 5642 non
1888 5588 2033 5642 flebit
2062 5604 2291 5644 cernens

719 5695 807 5733 res
840 5682 1064 5734 horrore
1122 5680 1351 5749 plenas?
1397 5680 1529 5733 Nam
1564 5697 1683 5734 cum
1737 5681 2008 5751 prtedietis
2056 5683 2288 5735 virilium

720 5775 1170 5827 monasteriorum
1221 5774 1638 5836 calamitatibus,
1702 5774 1803 5826 alia
1865 5774 2179 5827 rtmlestiora
2237 5775 2289 5827 in

720 5868 839 5923 istis
874 5878 1224 5940 peraguntur.
1264 5866 1483 5942 _D.tiora
1519 5867 1726 5924 illorum
1759 5868 2035 5939 primariis
2068 5867 2198 5923 viris
2237 5868 2287 5921 in

2399 4673 2562 4740 λόγος
2588 4667 2689 4740 τὴν
2740 4665 3192 4735 ὑπερϐάλλουσαν
3242 4662 3411 4717 αὑτοῦ
3474 4660 3675 4731 θλῖψιν,
3726 4663 3824 4713 καὶ
3884 4661 3979 4730 τὴν

2399 4762 2739 4834 ἀμηχανίαν,
2768 4758 3005 4830 ὁρῶντος
3026 4756 3126 4827 τὴν
3146 4754 3257 4809 τῶν
3278 4754 3372 4807 ὑπ’
3407 4753 3575 4807 αὑτοῦ
3605 4752 3979 4821 ποιμαινομέ-

2398 4874 2505 4910 νων
2525 4853 2715 4925 ψυχῶν
2738 4849 3041 4913 ἀπὼλειαν,
3072 4847 3169 4901 καὶ
3195 4848 3296 4917 τὴν
3324 4848 3406 4910 είς
3433 4846 3499 4899 τὸ
3522 4845 3666 4899 θεῖον
3698 4846 3979 4913 καταφρό-

2398 4947 2693 5020 νησιν,τδν
2755 4943 2852 4996 τοῦ
2901 4942 3059 5010 ἀγίου
3121 4940 3408 5009 τάγματος
3462 4938 3642 4991 πάντα
3704 4936 3978 4995 κίνδυνον,

2398 5040 2493 5091 καὶ
2523 5036 2703 5091 πάντα
2734 5032 2802 5085 τὰ
2827 5031 3095 5101 εἰρημένα
3122 5028 3299 5082 ἀτοπα
3339 5046 3354 5095 ;
3382 5027 3444 5080 οὐ
3476 5027 3555 5098 τῷ
3603 5026 3886 5097 εἰρημένῳ
3922 5025 3977 5077 δὲ

2398 5129 2587 5203 τρόπῳ
2614 5127 2774 5196 μόνον
2804 5122 3130 5176 ἀπόλλυνται
3157 5122 3213 5175 οι
3264 5120 3513 5175 ταπεινοὶ
3566 5121 3819 5189 μοναχοὶ,
3842 5117 3979 5170 ἀλλὰ

2401 5220 2740 5289 πολύτροπος
2780 5216 3074 5286 ὑπάρχειό
3101 5214 3326 5286 ὄλεθρος
3391 5212 3594 5266 αὐτῶν.
3669 5212 3770 5272 Εἰς
3807 5209 3980 5261 πολλά

2397 5313 2505 5379 γὰρ
2531 5312 2710 5365 ἄτοπα
2749 5306 2855 5360 ὑπὸ
2893 5307 2994 5375 τῆς
3021 5308 3231 5370 ἐνδείας
3262 5305 3631 5366 ὲκκυλίονται,
3670 5303 3980 5371 ἐμπορεῐαν

2397 5406 2491 5457 καὶ
2522 5401 2827 5470 καπηλείαν
2856 5400 2954 5452 καὶ¹
3014 5399 3122 5451 πᾶν
3164 5398 3419 5469 βιωτικδν
3468 5397 3812 5466 ἐπιτήδευμα
3853 5410 3980 5463 μετ-

2398 5492 2707 5562 ερχόμενοι,
2769 5488 2859 5541 διὰ
2917 5488 3017 5558 τὴν
3072 5487 3314 5556 ἐλεεινὴν
3348 5486 3671 5554 σωματικὴν
3718 5485 3976 5555 ζωήν’ή

2402 5588 2499 5655 μὲν
2538 5580 2632 5637 οὖν
2663 5583 2743 5645 εἰς
2776 5582 2844 5634 τά
2906 5581 3121 5651 ἁνδρῷα
3184 5582 3521 5651 μοναστήρια
3573 5578 3879 5649 ἐνεργοῦσα
3941 5578 3973 5648 ἦ

2397 5676 2769 5747 ἐνεργουμένη
2797 5674 3046 5737 ἀσέϐεια,
3077 5673 3325 5740 τοιαύτη.
3356 5674 3468 5742 Τῆς
3500 5673 3555 5725 δὲ
3587 5676 3667 5736 είς
3690 5673 3758 5724 τὰ
3788 5689 3978 5740 γυναι-

2396 5774 2542 5833 κεῖα,
2575 5771 2657 5830 τίς
2689 5770 2755 5820 ἂν
2788 5767 3035 5835 ἐφίκοιτο
3084 5767 3264 5833 λόγος,
3294 5768 3382 5820 διὰ
3407 5767 3507 5837 τὴν
3547 5768 3861 5837 ὑπερϐολὴν
3878 5763 3969 5817 τοῦ

2396 5864 2601 5932 κακοὶν;
2637 5864 2731 5926 Τίς
2765 5862 2838 5933 μὴ
2867 5860 3090 5915 κλαύσει
3124 5862 3273 5931 ὁρῶν
3336 5863 3401 5915 τὰ
3449 5862 3655 5931 φρίκης
3683 5861 3965 5923 ἀναπλεας
