4194 6444
689 389 827 452 1147

1430 394 1751 455 JOANNIS
1792 397 2262 461 ANTIOCIIENI
2299 401 2397 461 DE
2426 403 2971 477 MONASTERHS,
3010 408 3167 468 [ΤΟ.

3820 400 3966 465 1148

689 508 988 570 nationem,
1026 508 1074 559 iu
1109 508 1300 563 iisdem
1326 512 1639 579 persistunt.
1671 514 1747 567 Ita
1775 531 1948 584 neque
1972 517 2071 586 ipsi
2104 517 2270 573 ullum
2299 570 2304 579 ,

2388 521 2501 582 τοὺς
2521 523 2861 592 Σοδομίταςς
2900 526 2949 577 εί
2986 525 3059 595 μὴ
3087 524 3291 594 μᾶλλον
3349 523 3727 595 ἀσυγχώρητα
3782 518 3963 587 πλημ-

688 602 1056 655 excusatiouis
1087 601 1261 657 locum
1294 619 1359 659 ex
1393 620 1457 659 co
1502 610 1507 619 '

690 696 849 765 primi
880 703 1091 753 sontes.

1553 607 1773 662 ibcbuut
1805 609 1947 677 qttod
2001 626 2108 663 non
2158 612 2267 666 sint

764 964 928 1020 XVII.
992 963 1281 1018 Peccatum
1322 964 1389 1019 ad
1448 974 1702 1031 mortem,
1762 968 2017 1021 dixerunt
2077 968 2269 1024 Patres

692 1059 823 1113 illud
861 1062 926 1113 de
948 1075 1053 1127 quo
1087 1060 1402 1129 pteuitcntia
1440 1075 1544 1113 non
1573 1062 1769 1129 agitur.
1800 1060 1865 1113 Et
1912 1063 2034 1129 quis
2081 1079 2269 1117 eorum

692 1153 786 1221 qui
825 1154 1157 1205 monasteria
1191 1153 1411 1206 tradunt
1440 1162 1534 1207 aut
1568 1153 1860 1219 accipiunt,
1896 1155 2269 1222 paenitentiam

694 1256 934 1310 unquam
964 1243 1075 1309 egit
1105 1243 1173 1297 de
1214 1244 1303 1296 tali
1362 1252 1617 1309 tantoque
1666 1243 1903 1307 delit-to;
1952 1245 2030 1297 vel
2077 1247 2268 1298 saltem

691 1349 948 1404 peccasse
984 1349 1042 1388 se
1073 1350 1135 1388 ea
1179 1335 1246 1388 de
1286 1350 1446 1389 causa
1493 1335 1827 1388 existimavit
1864 1338 2179 1404 aliquando,
2216 1349 2271 1394 ut

692 1422 1015 1491 pcenitentia
1062 1426 1396 1488 duceretur,
1458 1439 1522 1478 ac
1573 1424 1657 1478 vel
1706 1426 1759 1479 in
1831 1427 1960 1495 ipsis
2016 1430 2274 1484 extremis

693 1515 975 1581 halitibus,
1026 1495 1169 1568 nudo
1208 1515 1472 1569 duntaxat
1512 1531 1763 1571 sermone
1811 1518 2016 1573 diceret
2064 1521 2127 1573 ad
2169 1521 2272 1574 Do-

691 1607 899 1660 minum
938 1623 951 1659 :
991 1605 1217 1661 Peccavi
1253 1608 1371 1672 tibi,
1409 1600 1657 1671 Doniine,
1705 1610 1771 1663 iis
1821 1610 1983 1666 rebus
2014 1614 2144 1680 fquze
2180 1615 2272 1668 tibi

690 1701 907 1767 tuisque
940 1701 1137 1753 dicata:
1172 1711 1318 1765 sunt,
1353 1716 1449 1769 per
1484 1710 1649 1755 totam
1680 1701 1843 1755 vitam
1884 1720 2057 1758 meam
2102 1708 2275 1776 impu-

691 1790 889 1844 denter
921 1800 974 1845 et
1003 1791 1267 1860 intrepide
1300 1794 1504 1847 abusus
1543 1809 1554 1844 :
1595 1794 1689 1847 sed
1746 1804 1823 1859 tu,
1878 1796 2127 1863 Domine,
2180 1816 2276 1867 per

2376 615 2659 684 μελοῦσινο
2683 617 2758 680 ὡς
2791 619 2930 686 μετά
2956 620 3056 690 τὴν
3085 618 3323 687 φοϐερὰν
3352 619 3579 671 ἐκείνων
3608 621 3959 676 κατάκοιπινι

2372 709 2485 770 τοῖς
2513 708 2700 771 αὐτοῖς
2746 712 3120 779 ἐπιμένοντες.
3164 710 3349 774 Οὕτως
3388 711 3510 765 οὐδὲ
3568 713 3724 764 αὐτοὶ
3769 708 3961 781 χώραν

2374 798 2671 867 ἀπολογίας
2696 803 2910 866 πάντως
2942 804 3146 869 ἕξουσι,
3170 804 3258 857 διὰ
3283 806 3342 856 τδ
3377 806 3451 873 μὴ
3484 804 3744 871 γενέσθαι
3768 822 3956 873 xput-

2372 891 2560 946 αίτιοι.

2449 983 2537 1048 ιζ’.
2582 985 3053 1059 Ἀμαρτίανπρδς
3120 988 3352 1043 θάνατον
3400 985 3553 1042 εἷπον
3605 991 3653 1040 οἱ
3711 990 3955 1056 Ιῖατέρες

2374 1076 2473 1147 τὴν
2498 1078 2888 1145 ἀμετανόητον.
2927 1082 3034 1133 Καὶ
3052 1081 3133 1142 τίς
3164 1081 3273 1133 τῶν
3306 1082 3646 1151 μοναστήρια
3672 1081 3955 1149 δωρουμέ-

2375 1186 2481 1221 νων
2516 1170 2547 1238 ἢ
2580 1171 2688 1222 τῶν
2752 1171 3147 1240 λαμϐανόντων
3212 1175 3510 1242 μετενόησέ
3574 1192 3702 1225 ποτε
3756 1175 3847 1225 ἐπὶ
3889 1177 3954 1242 τῇ

2373 1262 2603 1333 τοιαύτῃ
2633 1264 2724 1315 καὶ
2754 1266 2992 1336 τοσαύτῃ
3028 1268 3298 1336 ἁμαρτίᾳ.
3328 1269 3359 1335 ἢ
3401 1267 3503 1319 κᾶν
3535 1267 3673 1325 ὅλως
3702 1267 3957 1334 ἁμαρτῆ-

2374 1351 2466 1402 σαι
2498 1369 2627 1403 ποτε
2647 1352 2798 1421 ᾠήθη
2831 1355 3268 1416 τούτου.ἓνεκεν,
3344 1355 3431 1407 ἵνα
3477 1356 3812 1424 μετανοήσῃ,
3866 1356 3957 1404 καὶ

2375 1441 2478 1494 κᾶν
2515 1444 2593 1505 εἰς
2620 1446 2788 1506 αὑτὰς
2815 1446 2913 1509 τὰς
2952 1447 3274 1508 τελευταίας
3306 1446 3611 1508 ἀναπνοὰς.
3652 1448 3756 1498 xiv
3816 1445 3960 1513 ψ-λῷ

2375 1532 2521 1603 λόγῳ
2547 1537 2675 1607 εἴπῃ
2701 1535 2836 1607 πρὸς
2871 1538 3073 1607 Κύριον
3098 1556 3110 1567 ·
3166 1539 3446 1608 Ἡμαρτόν
3492 1555 3599 1601 σοι,
3653 1540 3824 1606 Κύριε
3856 1556 3869 1567 ·
3894 1540 3963 1587 τε

2378 1643 2459 1679 σοι
2478 1628 2573 1677 καὶ
2605 1631 2719 1689 τοῖς
2747 1633 2857 1692 τοῖς
2892 1630 3294 1699 ἀνατεθειμένα
3340 1631 3669 1699 πράγματα,
3725 1630 3963 1689 ἀναιδῶς

2378 1721 2472 1772 καὶ
2504 1720 2679 1780 ἀδεῶς
2736 1721 2805 1773 δι’
2831 1723 2961 1790 ὅλης
3015 1741 3117 1791 μου
3162 1722 3263 1790 τῆς
3302 1722 3449 1791 ζωῆς
3489 1723 3917 1791 καταχρώμενος
3946 1739 3961 1754 ο

2379 1812 2516 1864 ἀλλα
2548 1816 2636 1875 σὺ,
2673 1814 2867 1883 Κύριε,
2896 1815 2979 1866 (ti
3007 1814 3106 1884 τὴν
3132 1814 3363 1883 ἄπειρόν
3393 1832 3486 1866 σου
3519 1820 3612 1867 καὶ
3632 1815 3964 1881 ἀνεκδιήγηο

690 1883 1015 1937 immensam
1039 1894 1180 1936 tuam
1208 1896 1259 1936 et
1286 1884 1611 1939 ineffabilem
1640 1887 1958 1954 bonitatem,
1988 1892 2270 1955 miserere,

2388 1918 2468 1953 τον
2502 1904 2841 1970 ἀγαθότητα.
2879 1883 3106 1975 ἐλέησον
3138 1910 3231 1957 καὶ
3264 1906 3625 1976 συγχώρησόν
3651 1924 3763 1974 μοι.
3792 1909 3966 1974 Ἀμε-

692 1986 757 2024 ac
788 1972 916 2025 mihi
962 1975 1203 2039 ignosce.
1256 1974 1473 2043 Absque
1522 1976 1841 2044 ptenitentia
1890 1991 2022 2031 vero
2074 1979 2123 2031 in
2176 1980 2267 2032 tali

695 2073 950 2133 lautaque
984 2065 1259 2134 impietate
1291 2067 1549 2128 moriens,
1604 2083 1710 2135 quo
1748 2078 1903 2137 pacto
1956 2070 2275 2125 liberabitur

696 2156 906 2221 miser,
964 2158 1032 2211 ab
1080 2168 1283 2211 aeterno
1330 2160 1642 2228 supplicio?
1699 2176 2010 2229 quanquam
2077 2164 2276 2218 nullius

693 2249 901 2315 peccati
936 2249 1163 2304 alterius
1196 2251 1299 2305 sibi
1354 2252 1609 2307 conscius
1660 2254 1767 2317 sit;
1807 2256 1953 2323 quod
2004 2255 2119 2308 ﬁeri
2170 2271 2275 2309 non

612 2362 619 2371 ι
693 2351 894 2408 patest.
944 2342 1210 2411 Quodque
1260 2345 1431 2415 magis
1480 2345 1819 2414 iunpinattnn
1868 2358 1989 2413 est;
2026 2349 2115 2417 qui
2165 2348 2278 2402 bmc

700 2431 1274 2503 audeutdeliuquere,
1306 2437 1489 2506 sicque
1523 2438 1687 2492 Deum
1734 2439 2041 2503 offendunt,
2086 2456 2279 2495 mOna-

697 2527 866 2579 steria
895 2527 961 2580 de
996 2543 1132 2581 novo
1163 2532 1555 2599 aggrediuntur
1599 2544 1963 2599 construere;
1994 2549 2091 2588 nec
2117 2536 2281 2603 pudet

698 2632 816 2681 eos,
845 2619 947 2671 alia
994 2624 1325 2675 monasteria
1356 2631 1623 2690 evertere,
1672 2634 1725 2679 et
1766 2626 1867 2679 alia
1907 2628 2276 2695 retediﬁcare;

705 2727 885 2779 neque
925 2713 1005 2765 vel
1040 2715 1142 2769 huc
1177 2716 1479 2785 intelligere
1517 2718 1719 2778 valent,
1752 2723 1893 2787 quod
1940 2720 2105 2789 impia
2147 2737 2280 2776 con-

702 2806 991 2859 suetudine
1032 2807 1337 2873 obtinente,
1390 2812 1552 2863 etiam
1578 2827 1696 2881 quae
1730 2829 1870 2866 nunc
1898 2815 1964 2867 ab
2016 2815 2144 2880 ipsis
2177 2817 2283 2869 eri-

703 2909 929 2965 guntur,
964 2900 1091 2952 licet
1138 2916 1243 2955 noa
1296 2902 1479 2966 hodie,
1513 2913 1749 2957 attamen
1796 2922 1919 2959 cras
1972 2908 2284 2962 necessario

706 2991 1079 3057 duuabuntur,
1113 2996 1365 3050 servituti
1399 2998 1704 3060 tradentur,
1734 3000 2101 3054 destruentur.

772 3098 960 3154 XVIII.
1002 3100 1185 3155 Gloria
1218 3104 1337 3169 tibi,
1364 3104 1591 3161 Domine
1626 3103 1751 3160 Jesu
1781 3106 1998 3160 Christe
2021 3108 2157 3162 Deus
2188 3124 2286 3161 no-

2376 1993 2640 2059 τανόητος
2670 1992 2724 2044 δὲ
2754 1995 2845 2045 ἐπὶ
2869 1998 2934 2064 τῇ
2981 1996 3207 2065 τοιαύτῃ
3253 1996 3347 2047 καὶ
3402 1995 3708 2065 τηλικαύτῃ
3738 1994 3969 2063 ἀσεϐείᾳ.

2376 2082 2690 2149 ἀποθανὼν,
2735 2086 2851 2149 πῶς
2888 2088 3225 2157 ῥωσθήσεται
3280 2091 3307 2141 δ
3357 2088 3543 2150 ἄθλιος
3596 2089 3694 2155 τῆς
3742 2090 3969 2141 αἰωνίου

2378 2177 2661 2241 κολάσεως
2690 2196 2704 2243 ;
2739 2179 2788 2231 εί
2819 2180 2914 2232 καὶ
2952 2181 3231 2250 μηδεμίαν
3258 2182 3427 2247 ἄλλην
3486 2181 3972 2251 ἀμαρτίανὲαυτιῖι

2380 2270 2721 2339 συνέγνωκεν
2740 2289 2753 2302 °
2801 2276 2939 2345 ὅπερ
2970 2276 3276 2346 ἀμήχανον.
3320 2277 3393 2328 To
3422 2276 3477 2327 δὲ
3502 2274 3968 2344 παραδοξότερον,

2378 2364 2465 2416 ὅτι
2494 2365 2539 2416 οἱ
2572 2365 2637 2418 τὰ
2669 2365 2897 2419 τοιαῦτα
2937 2367 3247 2437 τολμῶντες
3264 2368 3633 2437 πλημμελεῖν,
3675 2370 3769 2420 καὶ
3792 2366 3970 2428 οὕτως

2380 2458 2459 2526 τῷ
2489 2458 2610 2527 Θεῷ
2635 2460 3359 2530 προσκ“ρούοντες,τολμῶσι
3388 2461 3736 2531 μοναστήρια
3762 2460 3828 2510 ἐκ
3847 2459 3971 2511 νέου

2380 2549 2758 2620 ἀνοικοδομεῖν
2782 2566 2798 2582 ⁸
2822 2552 2916 2603 καὶ
2950 2552 3050 2603 οὐκ
3089 2552 3436 2625 ὲρυθριῶσιν,
3462 2552 3597 2604 ἄλλα
3629 2554 3971 2621 μοναςτήρια

2384 2642 2774 2707 καταλύοντες,
2803 2646 2897 2695 καὶ
2928 2645 3095 2713 ἕτερα
3122 2644 3610 2713 ἀνοικοδομοῦντες
3630 2662 3646 2677 ο
3675 2645 3749 2713 μὴ
3774 2645 3830 2697 δὲ
3868 2648 3971 2696 κᾶν

2384 2734 2545 2787 τοῦτο
2576 2736 2812 2787 συνιδεῖν
2833 2736 3154 2805 δυνάμενοι,
3190 2736 3275 2789 ὅτι
3299 2736 3394 2788 τοῦ
3446 2736 3748 2797 δυσσεϐοῦς
3812 2736 3973 2796 ἔθους

2386 2826 2740 2899 κρατοῦντος,
2768 2830 2860 2880 καὶ
2889 2829 2957 2880 τὰ
2974 2828 3069 2880 νῦν
3094 2829 3185 2881 ὑπ’
3234 2830 3415 2881 αὐτῶν
3465 2830 3891 2900 ἀνεγειρόμενα,
3922 2831 3968 2881 εἰ

2388 2921 2484 2974 καὶ
2520 2920 2594 2991 μὴ
2623 2922 2885 2991 σήμερον,
2915 2923 3031 2975 ἀλλ’
3052 2921 3248 2989 αὔριον
3280 2922 3433 2989 γοῦν,
3468 2924 3685 2992 ἀνάγκη
3713 2922 3965 2992 δωρηθῆ-

2388 3028 2478 3064 ναι
2505 3012 2600 3063 καὶ
2630 3010 2967 3079 δουλωθῆναι
2993 3011 3085 3064 καὶ
3110 3010 3505 3081 καταλυθῆναι.

2461 3114 2551 3186 ιη’.
2580 3117 2716 3180 Δόξα
2753 3133 2859 3181 σοι,
2893 3117 3064 3186 Κύριε
3103 3116 3278 3186 Ἰησοῦ
3313 3118 3542 3186 Χριστὲ,
3566 3118 3593 3169 δ
3628 3116 3763 3179 Θεὸς
3790 3117 3969 3186 ἡμῶν,

701 3199 840 3256 ster,
870 3192 1040 3262 gloria
1073 3194 1192 3257 tibi,
1222 3193 1389 3263 gloria
1418 3195 1627 3249 lenitati
1662 3206 1784 3260 tute,
1814 3198 1985 3266 gloria
2012 3200 2284 3266 patientiae

2388 3205 2515 3271 δόξα
2541 3223 2645 3271 σοι,
2681 3205 2809 3269 δόξα
2852 3208 2917 3275 τῇ
2953 3205 3314 3275 μακροθυμίᾳ
3345 3223 3464 3269 σου,
3491 3205 3618 3270 δόξα
3667 3208 3737 3275 τῇ
3787 3206 3971 3270 ἀνεξιο

703 3294 830 3347 tuze,
866 3284 1037 3353 gloria
1073 3284 1327 3340 ineffabili
1364 3297 1466 3340 tua:
1489 3288 1813 3351 clementim,
1850 3294 2141 3357 quodcum
2182 3292 2284 3346 tale

705 3386 1029 3445 tantumque
1096 3378 1298 3431 malum
1348 3399 1376 3432 ιι
1429 3390 1583 3434 tanto
1644 3391 1888 3450 tempore
1945 3382 1998 3435 in
2056 3383 2284 3451 imperio

703 3470 956 3525 Romano
982 3470 1531 3540 Christianorumque
1556 3476 1834 3543 republica
1866 3474 2197 3541 dominetur,
2223 3492 2288 3531 ac

703 3566 841 3617 citra
879 3567 1158 3630 timorem,
1190 3569 1298 3621 imo
1332 3583 1452 3621 cum
1488 3568 1678 3623 fiducia
1714 3581 2060 3640 perpetretur
2101 3586 2284 3625 curam

710 3660 889 3713 oculis
927 3661 1034 3714 tuis
1084 3678 1190 3715 non
1233 3662 1549 3730 indignatus
1582 3680 1666 3731 es,
1705 3681 1810 3718 non
1844 3666 1917 3721 esi
1947 3666 2118 3719 iratus
2162 3683 2289 3719 cono

709 3752 911 3819 digne,
962 3769 1068 3806 non
1133 3753 1306 3821 plena:
1347 3754 1626 3811 abolitioui
1685 3746 1955 3809 tradidisti
2012 3772 2145 3822 nos;
2194 3758 2287 3811 sed

714 3845 896 3897 adhuc
951 3845 1195 3901 susﬁues
1248 3846 1466 3915 lenique
1511 3848 1696 3901 animo
1728 3848 1951 3903 toleras.
2004 3849 2074 3904 Et
2128 3853 2290 3902 modo

708 3938 925 4003 quidem
985 3940 1249 3993 adversus
1296 3956 1394 3993 nos
1449 3942 1516 3994 ad
1566 3941 1978 4009 castigationem
2035 3943 2287 3997 excitasti

708 4027 1011 4085 'l‘urcarum
1068 4031 1236 4085 feram
1308 4032 1794 4101 impiissimamque
1858 4043 2120 4101 gentem,
2172 4051 2293 4102 qua:

708 4122 948 4178 Orientis
975 4125 1184 4194 plagam
1219 4126 1521 4193 prtedatur;
1556 4126 1715 4179 modo
1743 4136 1923 4179 autem
1970 4125 2292 4181 Patziuaco-

711 4233 830 4270 rum
863 4260 878 4280 ,
929 4217 1331 4283 Comanorum,
1364 4218 1813 4288 Franrorumque
1840 4221 2111 4283 nationes,
2170 4236 2292 4288 quae

709 4310 1058 4363 Occidentem
1086 4311 1374 4380 diripiunt.
1406 4311 1512 4365 Sed
1539 4320 1594 4365 et
1642 4312 1928 4365 tremendo
1958 4322 2292 4375 terranuotu,

711 4402 971 4470 gravibus
998 4404 1238 4467 casibus,
1266 4405 1533 4457 mortibus
1564 4405 1859 4466 inusitatis,
1887 4402 2154 4457 incendiis
2190 4416 2294 4457 Ier-

713 4494 868 4547 ruisti
900 4510 996 4548 nos
1026 4512 1038 4547 :
1073 4495 1292 4549 omnino
1322 4510 1416 4563 per
1445 4495 1559 4549 h:ec
1586 4506 1643 4548 et
1664 4495 1861 4547 similia
1888 4496 1952 4547 ad
1988 4495 2295 4563 sensumzac

2388 3299 2561 3369 κακίᾳ
2600 3316 2717 3360 σου,
2753 3298 2882 3361 δόξα
2914 3301 2978 3367 τῇ
3014 3299 3209 3367 ἀφάτῳ
3268 3296 3657 3367 φιλανθρωπίᾳ
3711 3314 3809 3348 σου
3847 3314 3860 3327 ·
3895 3299 3975 3349 δτι

2387 3391 2480 3443 τοῦ
2513 3391 2757 3444 τοιούτου
2789 3392 2883 3443 καὶ
2913 3389 3233 3459 τηλικούτου
3299 3390 3495 3451 κακοῦ,
3555 3391 3648 3441 ἐπὶ
3700 3389 3977 3451 τοσούτοις

2389 3483 2603 3552 χρόνοις
2630 3485 2695 3551 τῇ
2713 3480 2997 3551 Ῥωμανίᾳ
3029 3478 3139 3551 (I6)
3175 3482 3268 3533 καὶ
3289 3484 3353 3550 τῇ
3380 3480 3487 3532 τῶν
3516 3480 3864 3551 Χριστιανῶν
3887 3495 3977 3529 πο-

2390 3575 2565 3645 λιτείᾳ
2588 3575 3087 3635 ὲνδυναστεύοντος,
3117 3572 3213 3624 καὶ
3244 3571 3603 3641 τολμωμένου
3629 3572 3851 3639 ἀφόϐως
3887 3575 3977 3624 καὶ

2392 3666 2967 3738 πεπαρρησιασμένως
3002 3664 3233 3717 ἐνώπιον
3256 3664 3365 3717 τῶν
3398 3664 3695 3734 ὀψοαλμῶν
3728 3666 3978 3729 σου,.οὖκ

2390 3759 2805 3830 ἠγανάκτησας,
2836 3759 2938 3810 οὐκ
2964 3758 3246 3829 ὠργίσθης
3293 3756 3483 3821 ἀξίως,
3537 3758 3635 3810 καὶ
3678 3758 3979 3826 ἀφανισμῷ

2393 3852 2748 3920 τελείῳήμᾶς
2779 3849 3107 3918 παρέδωκας
3134 3866 3149 3901 τ
3182 3850 3295 3902 ἀλλ’
3332 3849 3413 3901 ἔτι
3448 3851 3619 3921 ἀνέχῃ
3640 3850 3734 3902 καὶ
3766 3866 3977 3918 μακρο-

2396 3944 2608 4013 θυμεῖς.
2640 3943 2750 3995 Καὶ
2779 3942 2875 3994 νῦν
2906 3942 3027 4011 μὲν,
3062 3941 3123 3993 τὸ
3148 3940 3257 3993 τῶν
3310 3941 3574 4009 Τούρκων
3628 3940 3825 4011 ἄγριον
3888 3942 3980 3993 καὶ

2395 4034 2699 4112 ἀθεώταςτον
2724 4034 2877 4095 ἔθνος
2899 4035 3030 4102 ἡμῖν
3060 4036 3140 4096 εἰς
3171 4033 3423 4091 παιδείαν
3448 4033 3700 4101 ἤγειρας,
3736 4035 3836 4103 τὴν
3882 4032 3979 4101 τῆς

2409 4128 2701 4196 Ἀνατολῆς
2736 4126 2920 4196 χώραν
2958 4127 3141 4193 ληΐζον
3163 4144 3175 4156 ·
3206 4125 3303 4177 νῦν
3346 4126 3423 4191 δὲ,
3457 4125 3526 4178 τὰ
3555 4126 3663 4178 τῶν
3711 4127 3983 4189 Πατζινά-

2398 4236 2510 4271 κων
2537 4218 2647 4287 (17)
2681 4219 2776 4269 καὶ
2806 4216 3077 4285 Κομάνων
3100 4218 3195 4268 καὶ
3221 4216 3511 4285 Φράγγων,
3537 4217 3608 4271 τὰ
3634 4218 3735 4284 τῆς
3766 4219 3986 4279 Δύσεως

2396 4308 2785 4379 λεηλατοῦντα.
2826 4307 2987 4359 ’Λλλά
3019 4307 3123 4375 μὴν
3166 4308 3261 4360 καὶ
3319 4306 3529 4378 σεισμῷ
3595 4307 3838 4376 φοϐερῷ,
3893 4308 3989 4359 καὶ

2400 4401 2655 4470 χαλεποῖς
2694 4396 3092 4467 συμπτώμασι,
3123 4400 3217 4450 καὶ
3249 4398 3505 4461 θανάτοις
3536 4396 3824 4463 ἐξαισίοις,
3895 4398 3990 4449 καὶ

2403 4494 2753 4562 ὲμπρησμοῖς
2786 4493 2933 4562 ἡμᾶς
2952 4492 3227 4561 ὲψὸἱὶησας
3261 4508 3275 4522 ο
3315 4493 3394 4553 εἰς
3431 4492 3790 4559 συναίσθησιν
3852 4492 3987 4543 παν-

712 4586 1152 4641 emendationem
1186 4602 1283 4641 nos
1316 4588 1542 4642 ducens.
1571 4585 1681 4640 Nos
1716 4602 1842 4641 vero
1890 4603 1989 4641 nec
2024 4587 2296 4640 intellexi-

2401 4603 2512 4648 τως
2547 4585 2633 4637 διὰ
2658 4584 2865 4636 τούτων
2895 4585 2989 4635 καί
3012 4585 3122 4635 τῶν
3153 4582 3439 4648 τοιούτων,
3466 4583 3561 4635 καὶ
3588 4584 3667 4645 εἰς
3694 4583 3988 4652 διόρθωσιν

715 4694 858 4746 nius,
913 4696 1013 4736 nec
1056 4681 1443 4752 intelligimus;
1487 4680 1581 4736 sed
1630 4681 1809 4734 adhuc
1858 4680 1947 4750 qui
2005 4680 2289 4749 rejiciehat

2398 4680 2571 4749 ἄγων.
2612 4679 2805 4747 Ἦμεῖς
2870 4678 2927 4730 δὲ
2967 4678 3028 4731 οὐ
3099 4679 3436 4747 συνήκαμεν,
3488 4675 3616 4729 οὔτε
3681 4678 3985 4746 συνίεμεν·

1875 4862 2063 4944 Joan.
2104 4861 2286 4939 Bapt.
2321 4858 2625 4923 Cotelerii
2656 4864 2847 4920 nota).

794 5031 904 5103 (16)
943 5028 1025 5103 Τῇ
1059 5028 1379 5103 Ῥωμανίᾳ.
1426 5030 1483 5084 Id
1528 5042 1611 5086 est
1639 5032 1691 5085 in
1724 5029 2015 5103 hocﬂloco,
2038 5030 2298 5103 _imperio

719 5099 967 5157 Romano
989 5099 1275 5157 Orientali.
1310 5099 1572 5156 Romanis
1619 5102 1761 5157 enim
1799 5101 2092 5169 aliquando
2124 5112 2291 5156 totum

720 5174 1007 5239 imperium
1040 5172 1338 5225 Romanum
1368 5172 1661 5241 signiﬁcat,
1695 5171 1984 5239 aliquando
2010 5174 2292 5239 imperium

720 5244 1025 5297 Romanum
1076 5243 1358 5296 orientale.
1387 5243 1556 5307 Quam
1593 5244 1659 5297 ad
1698 5257 1809 5295 rem
1863 5242 2293 5305 conﬁrmandam

720 5315 949 5383 plurima
1005 5312 1251 5383 exempla
1297 5314 1473 5380 colligi
1527 5322 1768 5382 possent,
1812 5313 2033 5382 jamque
2070 5314 2295 5368 collecta

723 5382 849 5454 sunt
880 5402 907 5437 a
933 5383 1064 5437 viris
1089 5382 1281 5454 doctis.
1318 5384 1410 5437 Sic
1440 5386 1519 5453 (ut
1551 5398 1810 5454 paucaex
1841 5383 2138 5438 innumeris
2167 5400 2295 5454 pro-

722 5453 918 5522 feram)
950 5455 1003 5507 in
1050 5453 1221 5519 prima
1257 5452 1649 5521 signiﬁcatiOne
1693 5452 2045 5522 Epiphanius,
2096 5452 2290 5510 haeres.

723 5522 817 5586 69,
843 5541 895 5577 n.
929 5523 987 5586 2,
1018 5524 1149 5593 dicit
1190 5524 1555 5577 Arianismum
1603 5532 1956 5593 propagatum
2009 5523 2174 5579 fuisse
2204 5541 2299 5591 per

727 5594 1037 5648 universam
1064 5592 1413 5663 Bouianiam.
1445 5597 1679 5648 maxime
1706 5592 1813 5661 per
1846 5595 2137 5647 orientales
2176 5611 2302 5663 par—

724 5675 829 5735 tes.
860 5663 933 5735 Et
963 5664 1015 5735 in
1045 5661 1177 5735 _Yita
1217 5662 1277 5735 δ.
1308 5664 1591 5735 Augustini
1622 5681 1651 5718 a
1674 5663 1921 5735 Possidio
1948 5666 2145 5733 scripta
2178 5661 2299 5735 cap.

725 5734 817 5799 30,
856 5732 1079 5789 Vandali
1129 5742 1181 5787 et
1226 5732 1409 5799 Gothi,
1460 5734 1736 5789 Romanis:
1782 5732 2073 5789 eversores
2097 5732 2304 5789 nuncu-

726 5814 945 5873 pantur.
1000 5805 1072 5859 De
1098 5803 1333 5857 secundo
1376 5815 1554 5860 autem
1602 5803 1905 5873 significatu
1959 5803 2301 5857 manifestum

736 5874 793 5929 tit
822 5890 917 5945 per
935 5876 1046 5931 hate
1076 5874 1413 5933 Balsamonis
1433 5878 1496 5934 ad
1525 5891 1644 5933 can.
1669 5876 1735 5931 li
1760 5875 2085 5933 Chalcedon.
2115 5893 2125 5929 :
2151 5875 2307 5933 Κατὰ

2400 5032 2492 5083 τδν
2532 5030 2778 5098 παρόντα
2803 5028 3021 5089 κανόνα,
3055 5028 3129 5090 ὡς
3152 5029 3350 5091 ἔοικεν,
3382 5027 3687 5095 ἀναγκάζει
3718 5025 3782 5080 τὸ
3824 5030 3988 5098 μέρος

2400 5105 2501 5171 τῆς
2540 5100 2869 5171 Ἐκκλησίας
2908 5100 3036 5171 τοὺς
3070 5102 3333 5163 Λατίνους
3365 5099 3989 5171 ἐξόμνυσθαι-θέλοντας

2401 5168 2666 5237 γυναῖκας
2691 5170 2875 5224 λαϐεῖν
2901 5171 2963 5221 ἐκ
2982 5170 3082 5237 τῆς
3115 5171 3447 5237 Ῥωμανίας.
3479 5169 3686 5222 Diserte
3704 5168 3990 5223 Matthmus

2400 5241 2557 5296 Paris
2608 5255 2750 5293 anno
2784 5240 2921 5295 1245
2958 5257 2971 5292 :
3006 5241 3085 5293 Ad
3119 5243 3375 5295 unitatem
3415 5238 3665 5292 Romana:
3710 5238 3987 5302 Ecclesiie,

2402 5321 2569 5366 totum
2618 5310 2920 5374 Romaniut,
2972 5311 3027 5363 id
3086 5323 3161 5365 est
3228 5310 3445 5366 Graecia:
3497 5311 3777 5379 imperium
3845 5328 3992 5365 τεινο-

2401 5400 2543 5436 care.

2479 5455 2591 5523 (l7)
2648 5452 3045 5512 Πατζὶνὰκων.
3096 5450 3367 5505 Patzinaci
3428 5466 3524 5504 seu
3577 5449 3884 5523 Patzinacm
3938 5461 3993 5504 et

2403 5525 2773 5587 Patzinacitre,
2835 5525 3037 5592 cogniti
3090 5524 3226 5575 satis
3280 5522 3484 5589 populi,
3540 5537 3604 5574 ex
3638 5522 3808 5592 Suida
3860 5538 3992 5575 voce

2405 5596 2614 5657 Δάκες,
2676 5591 3037 5648 Constantino
3096 5592 3649 5662 Porphyrogenneta,
3698 5591 3989 5662 iCedreno.

2407 5667 2632 5733 aliisque
2657 5680 2836 5718 rerum
2858 5661 3582 5733 Constantinupolitanarum
3603 5661 3989 5733 scriptoribus.

2408 5736 2518 5790 Nec
2549 5730 2733 5788 minus
2773 5737 2881 5787 noti
2933 5734 3027 5803 qui
3075 5743 3374 5796 sequuntur
3412 5731 3663 5803 Cottiaui.
3710 5730 3988 5803 ljotissimi

2408 5821 2539 5859 vero
2586 5806 2826 5857 omnium
2877 5797 3094 5858 Franci.
3129 5804 3317 5871 Atqui
3355 5802 3662 5871 prmccduut
3709 5797 3875 5859 Turci
3908 5801 3989 5855 vel

2412 5876 2620 5942 Turer,
2657 5876 2881 5931 nimium
2915 5876 3049 5931 bcu!
3089 5876 3202 5932 orbi
3236 5876 3610 5929 innotueruut.
