4194 6444
706 401 849 467 1151

1440 408 1759 468 JOANNlS
1798 410 2137 470 COMNENI
2198 411 2558 471 NOVELLIE
2594 412 3271 474 CDNSTlTUTIONES.

3851 410 3988 473 115!

718 520 866 576 omni
890 517 1082 585 injuria
1110 530 1164 573 et
1185 521 1469 573 vexatione
1494 521 1678 575 libera:
1700 533 2013 586 serventur,
2035 532 2198 589 utque
2220 522 2294 574 ni-

2400 520 2778 592 διατηρείσθαι
2818 524 3000 592 πάσης
3022 521 3292 592 ἐπηρείας
3315 538 3373 575 τε
3401 522 3496 574 καὶ
3528 520 3849 585 κακώσεως,
3892 528 3987 575 καὶ

721 611 797 663 hil
833 625 911 664 ea:
950 610 1132 665 damni
1172 610 1252 663 vel
1288 611 1483 666 detrin;
1528 614 1604 666 nti
1646 614 1979 668 sustineant?
2010 614 2298 681 Propterea

718 718 822 757 nec
854 703 930 765 id,
968 704 1108 771 quod
1144 703 1303 757 modo
1325 704 1390 756 ad
1425 720 1583 758 aures
1608 706 1923 760 serenitatis
1954 717 2150 760 nostra:
2178 721 2305 772 per-

717 797 890 860 venit,
916 796 1326 851 inemendatum
1357 798 1587 866 relinqui
1618 799 1807 851 voluit.
1833 798 2039 867 Quippe
2066 799 2295 852 relatum

719 888 877 943 nobis
904 898 1009 952 est,
1031 891 1290 958 quosdam
1316 890 1720 957 provinciarum
1745 890 2003 958 pra-sides
2038 889 2197 943 simul
2221 899 2301 943 at-

717 993 825 1049 que
862 981 1147 1049 pontiﬁces
1194 982 1355 1034 rebus
1396 981 1648 1034 humanis
1699 981 2054 1045 excesserint,
2084 983 2300 1036 auferre

717 1072 925 1133 omnia,
966 1087 1086 1139 qua:
1126 1071 1179 1123 in
1206 1072 1480 1140 episc0pio
1506 1072 1827 1139 reperiatur,
1861 1071 1972 1124 sive
2003 1071 2210 1138 species
2245 1080 2300 1125 et

718 1176 808 1215 res
824 1162 1091 1228 quadam,
1117 1164 1230 1216 sive
1247 1164 1488 1231 pecuniae
1516 1175 1902 1229 nonnunquam
1932 1162 2161 1215 iuventa:
2184 1160 2298 1214 fue-

721 1252 867 1317 rint;
902 1262 1075 1306 morte
1119 1253 1392 1322 pontiﬁcis
1431 1253 1638 1306 lucrum
1696 1269 1755 1306 se
1800 1256 2067 1319 quoddam
2112 1263 2298 1307 nactos

721 1344 1123 1408 existimantes,
1170 1361 1290 1399 cum
1324 1359 1513 1414 reapse
1542 1360 1650 1398 non
1695 1345 1837 1398 licita
1871 1344 2048 1399 facere
2091 1360 2297 1411 praesu-

721 1442 897 1500 mant,
921 1444 975 1488 et
1006 1449 1090 1489 res
1114 1434 1321 1489 alienas
1356 1445 1637 1504 usurpent.
1662 1436 1892 1501 Quidam
1918 1450 2046 1488 vero
2074 1450 2168 1502 per
2205 1450 2299 1503 ap-

719 1528 989 1594 paritores
1014 1540 1140 1581 suos
1164 1526 1522 1581 ecclesiarum
1554 1543 1637 1581 res
1669 1528 1996 1588 auferentes,
2018 1543 2045 1580 a
2068 1539 2298 1581 conatus

720 1617 944 1670 absurdi
969 1616 1126 1685 culpa
1160 1619 1340 1687 specie
1367 1629 1522 1671 tenus
1556 1619 1828 1670 immunes
1854 1632 1975 1670 sese
1998 1615 2224 1670 faciunt.

790 1800 1152 1866 Quamobrem
1179 1799 1432 1868 majestas
1459 1814 1575 1852 mea
1608 1798 1817 1852 facinus
1856 1799 1959 1852 hoc
1990 1799 2293 1864 improbum

2403 614 2537 683 μηδὲ
2568 614 2668 683 τὴν
2699 614 2911 667 οἱανοῦν
2947 613 3152 683 βλάόην
3178 614 3209 683 ἢ
3239 612 3443 682 ζημίαν
3484 613 3854 680 ὑφίστασθαις
3897 614 3986 666 δῑά

2399 705 2573 759 ταῦτα
2596 706 2719 759 οὐδὲ
2749 708 2809 760 τὸ
2842 705 2937 759 νῦν
2968 710 3049 769 εἰς
3094 706 3263 767 ἀκοὰς
3300 706 3399 772 τῆς
3422 705 3581 774 ἡμῶν
3622 705 3778 758 ἐλθὸν
3809 707 3985 775 γαλη-

2400 800 2621 866 νότητος
2650 798 2980 870 ἀδιόρθωτον
3009 798 3408 867 ἀπολειφθῆναι
3438 797 3728 867 ἠθέλησεν.
3779 798 3982 866 Ἀνηγ-

2399 890 2567 959 γέλθη
2610 890 2718 960 γάρ
2756 892 2907 961 ημῖν,
2942 889 3016 951 ὧς
3054 906 3200 952 τινες
3234 889 3342 941 τῶν
3373 888 3517 941 κατά
3561 887 3748 956 χώρας
3783 890 3981 958 ἀρχόν-

2400 1000 2507 1035 των
2540 982 2655 1052 ἀμα
2686 983 2763 1033 τῶ
2797 980 3107 1035 ἁποϐιῶναι
3143 982 3270 1045 τοὺς
3312 981 3593 1051 ἀρχιερεῖς
3619 982 3983 1050 ἀφαιροῦνται

2400 1076 2581 1128 πάντα
2616 1074 2686 1126 τά
2720 1074 3095 1142 εὑρισκόμενα
3124 1075 3179 1125 ἐν
3210 1074 3287 1142 τῷ
3317 1075 3679 1142 ἐπισκοπείῳ,
3718 1073 3831 1125 εἴτε
3866 1075 3985 1143 εἴδη

2399 1167 2507 1219 είσί
2533 1183 2653 1219 τινα
2687 1167 2781 1218 καὶ
2817 1166 3122 1235 πράγματα
3164 1165 3195 1236 ἣ
3234 1164 3496 1229 πολλάκις
3531 1164 3795 1235 χρήματα
3822 1167 3983 1233 eaps-

2400 1258 2564 1325 θεῖεν,
2614 1258 2829 1328 ἐρμαίῳ
2881 1260 3305 1327 ἐντετυχηκέναι
3354 1260 3595 1327 οἰόμενοι
3646 1262 3713 1328 τῇ
3754 1259 3982 1327 τελευτῇ

2399 1349 2493 1404 τοῦ
2520 1350 2826 1420 ἀρχιερέως
2853 1354 2919 1421 τῇ
2948 1351 3006 1404 δὲ
3037 1352 3272 1423 ἀληθεία
3297 1349 3404 1403 τῶν
3438 1350 3515 1422 μὴ
3549 1353 3857 1420 ἐφειμένων
3883 1352 3982 1403 αὑ-

2398 1446 2513 1506 τοῖς
2551 1447 3002 1515 κατατολμῶντες
3033 1446 3127 1496 καὶ
3172 1442 3531 1513 ἐξιδιούμενοι
3576 1444 3643 1495 τά
3675 1443 3935 1511 ἀλλότρια
3967 1458 3981 1471 ο

2397 1536 2541 1599 τινὲς
2590 1538 2646 1591 δὲ
2695 1538 2783 1591 διά
2830 1538 2936 1590 τῶν
2978 1535 3465 1605 ἐξυπηρειιούντων
3514 1536 3696 1597 αὐτοῖς
3756 1536 3825 1587 τά
3876 1535 3983 1584 τῶν

2398 1626 2707 1697 ἐκκλησιῶν
2736 1627 3134 1697 ἀφαιρούμενοι
3163 1626 3405 1689 ἐξάντεις
3433 1626 3661 1688 ἑαυτοὺς
3698 1626 3775 1693 τῷ
3804 1627 3981 1677 δοκεῖν

2398 1720 2704 1773 καθιστῶσι
2735 1720 2829 1772 τοῦ
2867 1720 3074 1773 ἀτόπου
3108 1718 3304 1771 τούτου
3332 1718 3762 1787 ἐγχειρήματος.

2509 1812 2932 1865 Ἀναστέλλουσα
2988 1812 3121 1880 γοῦν
3182 1812 3282 1879 τὴν
3340 1810 3599 1880 τοιαύτην
3666 1812 3982 1878 παράλογον

719 1907 1002 1951 coercens.
1048 1900 1103 1945 et
1148 1893 1290 1944 hanc
1337 1892 1580 1944 avaritiae
1639 1892 1872 1959 speciem
1920 1906 2293 1959 compescens,

2401 1905 2601 1975 πρᾶξιν
2643 1906 2675 1974 ἡ
2716 1903 2960 1974 βασιλεία
2994 1920 3095 1974 μου
3125 1903 3218 1956 καὶ
3258 1901 3318 1955 τὸ
3360 1902 3601 1956 τοιοῦτον
3644 1903 3745 1971 τῆς
3787 1904 3983 1954 πλεον-

720 1999 817 2052 per
848 1983 1125 2036 Novellam
1175 1986 1312 2037 hanc
1344 1986 1677 2037 sanctionem
1725 1986 1934 2047 Statuit,
1980 2000 2049 2039 ne
2090 1988 2210 2053 quis
2243 1988 2293 2040 in

718 2085 996 2144 posterum
1052 2077 1291 2144 cujusvis
1346 2077 1636 2144 provincia:
1688 2053 1887 2144 pra'ses
1930 2087 2049 2144 post
2090 2077 2293 2130 obitum

719 2168 1073 2234 provincialis
1123 2167 1523 2236 metropolitani
1585 2169 1667 2219 vel
1719 2167 2153 2235 3rClllelSCtlpl,
2214 2170 2294 2222 Vt‘l

719 2260 984 2328 episcopi,
1018 2258 1314 2327 quidquam
1366 2257 1598 2325 accipiat
1650 2257 1716 2311 de
1765 2258 1925 2310 rebus
1960 2259 2297 2313 exstantibus

721 2352 774 2405 in
815 2352 977 2405 domo
1018 2350 1422 2419 metropolitani
1481 2349 1562 2403 vel
1620 2350 2015 2418 archiepisc0pi
2085 2351 2165 2404 vel
2242 2351 2295 2405 in

719 2444 1047 2498 suburbanis
1092 2459 1301 2503 earum,
1359 2442 1441 2495 vel
1494 2443 1745 2512 praediis,
1798 2443 1880 2495 vel
1936 2444 2150 2512 agellis,
2218 2444 2295 2497 vel

721 2538 1104 2599 monasteriis;
1162 2537 1273 2588 sive
1325 2536 1531 2587 nummi
1586 2536 1694 2587 sint
1740 2537 1851 2588 sive
1902 2538 2131 2603 species,
2186 2540 2297 2591 sive

720 2645 827 2691 res,
862 2629 974 2679 δῦνε
1002 2626 1281 2689 animalia,
1312 2625 1389 2678 vel
1423 2626 1549 2689 alia,
1581 2640 1699 2693 qua:
1731 2627 1794 2677 ad
1841 2641 1936 2678 eos
1974 2627 2247 2692 pertinent
2280 2647 2292 2681 :

721 2721 827 2772 imo
862 2734 926 2773 ne
960 2718 1037 2771 vel
1080 2719 1180 2786 ipsi
1227 2734 1451 2786 prorsus
1484 2733 1578 2771 eas
1612 2719 2006 2784 ingrediantur,
2041 2720 2120 2773 vel
2150 2720 2295 2787 ipso-

723 2828 840 2865 rqu
895 2813 1252 2880 apparitores.
1302 2811 1511 2879 Quippe
1567 2811 1966 2879 provinciarum
2019 2814 2295 2880 przesides,

721 2904 812 2969 qui
843 2919 909 2956 eo
956 2918 1013 2956 se
1052 2902 1363 2967 conferunt,
1389 2913 1481 2955 aut
1512 2902 1772 2970 quosdam
1808 2905 2049 2967 mittunt,
2089 2916 2141 2957 et
2176 2907 2295 2959 adi-

722 3006 875 3047 munt
909 2995 990 3048 vel
1025 3008 1090 3047 ex
1127 2994 1421 3063 episcopali
1455 2994 1637 3058 domo,
1672 2993 1753 3047 vel
1785 3010 1849 3047 ex
1881 2996 2206 3050 suburbanis
2241 3006 2296 3051 et

724 3088 1070 3141 monasteriis
1102 3087 1312 3155 species
1335 3086 1617 3150 quasdam,
1642 3096 1733 3139 aut
1761 3103 1869 3152 res,
1900 3097 1991 3141 aut
2020 3106 2293 3151 nummos.

2399 1999 2549 2065 εξίας
2580 1997 2716 2063 εἶδος
2752 1998 3201 2069 ἀναχαιτίζουσα,
3251 1996 3547 2065 διορίζεται
3582 1996 3670 2047 διὰ
3709 1995 3804 2048 τοῦ
3838 2013 3981 2047 1:10-

2398 2092 2549 2153 όντος
2589 2092 2785 2162 νεαροῦ
2819 2091 3216 2161 θεσπίσματος,
3266 2088 3472 2159 μηδένα
3518 2088 3611 2140 τοῦ
3642 2087 3836 2140 λοιποῦ
3874 2091 3983 2139 τῶν

2398 2183 2677 2252 ἀρχόντων
2736 2183 2971 2253 ἑκάστης
3030 2180 3299 2252 ἐπαρχίας
3364 2178 3504 2247 μετά
3567 2177 3832 2247 τελευτὴν
3887 2176 3982 2229 τοῦ

2399 2277 2752 2347 ἐπαρχεὼτου
2788 2273 3191 2346 μητροπολίτου
3235 2274 3267 2343 ἢ
3320 2272 3758 2344 ἀρχιεττισκόπου
3800 2271 3981 2339 ἡέπι-

2400 2364 2602 2417 σκόπου
2635 2362 3115 2433 ἀναλαμϐάνεσθαι
3155 2363 3261 2414 ἀπὸ
3286 2362 3396 2415 τῶν
3450 2361 3624 2413 ὄντων
3657 2362 3714 2412 ἐν
3760 2363 3827 2429 τῇ
3876 2379 3981 2429 μη-

2397 2456 2655 2527 τροπόλει
2688 2456 2718 2525 ἢ
2750 2459 2806 2509 ἐν
2832 2460 2896 2527 τῇ
2930 2457 3339 2526 ἀρχιεπισκοπῇ
3371 2454 3403 2523 ἢ
3435 2457 3491 2505 ἐν
3524 2455 3637 2515 τοῖς
3680 2453 3774 2505 ὑπ’
3813 2454 3981 2515 αὑτὰς

2398 2548 2749 2616 προαστείοις
2778 2548 2809 2616 ἢ
2838 2546 3059 2616 χωρίοις
3086 2546 3118 2615 ἢ
3162 2546 3427 2616 ἀγριδίοις
3455 2546 3486 2613 ἢ
3527 2544 3921 2614 μοναστηρίοις
3951 2543 3983 2612 ἦ

2398 2637 2715 2706 νομίσματα
2753 2638 2784 2707 ἢ
2822 2638 2937 2706 εἴδη
2977 2636 3100 2688 τινὰ
3136 2638 3168 2706 ἢ
3206 2635 3513 2705 πράγματα
3546 2635 3577 2704 ἦ
3608 2634 3782 2702 ζῶαῆ
3819 2634 3984 2701 ἕτερά

2397 2748 2518 2782 τινα
2569 2730 2894 2801 διαφέροντα
2949 2731 3153 2793 αὐτοῖς,
3206 2728 3345 2781 ἀλλά
3409 2728 3545 2797 μηδέ⁹
3600 2726 3739 2788 ὅλως
3802 2731 3983 2779 ἐκεῖσε

2399 2820 2738 2890 είσέρχεσθαι
2778 2820 2915 2891 μήτε
2948 2820 3147 2883 αὐτοὺς
3176 2821 3313 2889 μήτε
3341 2821 3468 2881 τοὺς
3500 2818 3981 2885 ἐξυπηρετοῦντας

2399 2913 2605 2974 αὐτοῖς.
2656 2912 2835 2963 Ἀὐτοὶ
2887 2912 2985 2982 μὲν
3029 2913 3137 2982 γὰρ
3167 2912 3217 2963 οἱ
3258 2912 3367 2964 τῶν
3396 2911 3591 2981 χωρῶν
3629 2911 3894 2979 ἄρχοντες
3933 2910 3979 2960 οἱ

2396 3006 2765 3076 ἀπερχόμενοι
2794 3006 2825 3075 ἣ
2859 3004 3284 3067 ἀποστέλλοντές
3316 3022 3491 3069 τινας,
3525 3005 3620 3057 καὶ
3667 3003 3981 3072 ἀναλαμϐα-

2398 3099 2686 3169 νόμενοιῆ
2735 3100 2841 3151 ἀπὸ
2874 3098 2970 3151 τοῦ
3019 3100 3385 3151 ἐπισκοπείω
3439 3097 3471 3167 ἢ
3521 3096 3629 3149 ἀπὸ
3678 3096 3787 3147 τῶν
3849 3112 3979 3165 προ-

721 3190 817 3232 aut
880 3181 1176 3244 animalia;
1231 3180 1538 3249 persolvent
1610 3179 1899 3241 Erclesim,
1969 3183 2053 3233 cui
2109 3182 2294 3238 subest

2401 3194 2634 3245 αστείων
2669 3194 2759 3246 καὶ
2805 3191 3188 3261 μοναστηρίων
3231 3192 3347 3259 εἴδη
3377 3191 3500 3242 τινά
3542 3192 3575 3261 ἢ
3607 3191 3915 3258 πράγματα
3946 3188 3977 3258 ἢ

720 3273 917 3325 damno
962 3272 1154 3325 affecta
1186 3274 1378 3326 domus
1408 3273 1765 3341 episcopalis,
1816 3274 1895 3327 vel
1928 3276 2297 3343 archiepisco-

718 3363 874 3431 palis,
906 3363 984 3417 vel
1020 3365 1458 3432 melropolitana,
1482 3378 1827 3419 nummorum
1858 3366 2022 3420 libras
2052 3383 2148 3430 xu,
2173 3384 2295 3435 qua:

719 3457 853 3509 citra
922 3458 1318 3511 recusationem
1380 3457 1637 3511 Ecclesiae
1677 3458 2060 3511 detrimentum
2125 3476 2296 3529 passae

718 3550 992 3601 numerari
1059 3551 1297 3614 debent,
1348 3550 1451 3603 hoc
1513 3552 1629 3619 ipso
1689 3550 1931 3603 facinore
1994 3552 2294 3618 maiestatis

717 3640 880 3693 etiam
927 3648 1129 3693 nostrae
1181 3642 1609 3709 indignationem
1675 3643 1991 3697 suscitante.
2042 3646 2197 3710 Quod
2248 3646 2293 3699 si

717 3731 837 3799 quis
863 3747 926 3785 ex
966 3734 1233 3788 ministris
1274 3750 1462 3788 eorum
1511 3735 1617 3789 tale
1661 3737 1790 3805 quid
1825 3738 2033 3800 fecerit,
2074 3739 2195 3792 licet
2240 3741 2291 3792 in

717 3824 978 3893 dignitate
1008 3825 1077 3881 sit
1103 3828 1455 3893 constitutus,
1480 3828 1655 3897 primo
1690 3829 1906 3895 quidem
1940 3844 2040 3883 ceu
2069 3831 2297 3886 violator

715 3917 876 3971 edicti
911 3919 1079 3971 nostri
1113 3918 1295 3985 ﬂagris
1327 3931 1377 3974 et
1409 3929 1629 3974 tonsura
1668 3922 2058 3991 castigabitnr;
2095 3924 2292 3980 deinde

717 4022 844 4062 vero
868 4014 1030 4063 etiam
1070 4012 1250 4063 multa:
1283 4014 1499 4065 nomine
1533 4028 1877 4065 nummorum
1913 4014 2063 4068 librae
2095 4031 2188 4071 sex
2229 4020 2295 4072 ab

717 4112 785 4152 eo
813 4100 1116 4169 exigentnr.
1146 4102 1238 4154 Sin
1273 4103 1391 4170 ejus
1420 4105 1764 4171 episcopatus
1796 4105 2115 4159 clericorum
2144 4109 2295 4177 quis-

716 4190 862 4258 piam
895 4192 962 4243 de
996 4192 1154 4245 rebus
1186 4194 1432 4247 ecclesiae
1479 4195 1724 4247 nonnihil
1758 4198 2053 4265 compilare
2086 4200 2294 4268 depun-

715 4284 920 4337 hensus
971 4283 1173 4347 fuerit,
1210 4285 1428 4353 quando
1461 4286 1729 4356 maiestati
1773 4303 1903 4340 mea:
1932 4289 2291 4358 signiﬁcatum

717 4383 824 4436 est,
883 4390 912 4426 a
970 4375 1182 4428 clericis
1234 4391 1339 4429 non
1392 4391 1562 4445 pauca
1621 4379 1744 4430 talia
1779 4380 2071 4447 designari,
2105 4384 2295 4435 statuit

715 4467 814 4520 hos
852 4483 1068 4537 quoque
1107 4478 1227 4536 post
1266 4480 1576 4523 accuratam
1630 4471 1757 4524 facti
1791 4474 2189 4539 probationem,
2226 4492 2291 4529 ac

2400 3280 2715 3349 νομίσματα
2752 3281 2785 3349 ἢ
2824 3280 2939 3344 ζῶα
2964 3279 3344 3347 καταθήσουσι
3378 3278 3514 3346 πρὸς
3546 3279 3646 3345 τὴν
3678 3278 3981 3345 ἐκκλησίαν

2399 3370 2431 3443 ᾖ
2462 3374 2749 3425 ὑπόκειται
2782 3374 2815 3443 ἡ
2846 3372 3007 3425 τοῦτο
3040 3371 3293 3423 παθοῦσα
3345 3369 3623 3439 ἐπισκοπὴ
3657 3372 3685 3438 ἦ
3718 3374 3978 3438 ἁρχιεπι-

2402 3462 2578 3533 σκοπὴ
2618 3464 2649 3533 ἢ
2697 3464 3049 3533 μητρόπολις,
3080 3462 3439 3531 νομισμάτων
3481 3461 3668 3530 λίτρας
3704 3460 3799 3529 ιβ’,
3837 3462 3981 3527 ὄρει·

2400 3552 2596 3616 λούσας
2624 3553 2975 3607 ἀποδίδοσθαι
3011 3554 3438 3622 ἀπροφασίστως
3476 3554 3610 3623 πρὸς
3638 3551 3735 3621 τὴν
3768 3552 3981 3622 ζημιωε

2400 3646 2585 3699 θεῖσαν
2615 3644 2965 3714 Ἐκκλησίαν,
2990 3647 3125 3714 πρός
3144 3662 3222 3715 τῳ
3249 3648 3342 3697 καὶ
3368 3647 3465 3715 τὴν
3484 3648 3548 3698 ἐκ
3570 3646 3670 3715 τῆς
3697 3646 3978 3715 βασιλείας

2399 3738 2555 3808 ἡμῶν
2611 3738 3020 3791 ἐπισπάσασθαι
3086 3739 3488 3806 ἀγανάκτησιν.
3548 3738 3609 3790 Ei
3653 3738 3711 3789 δέ
3745 3756 3830 3801 τις
3878 3739 3980 3791 τῶν

2399 3832 2884 3902 ἐξυπηρετούντων
2949 3832 3132 3894 αὐτοῖς
3159 3831 3404 3884 τοιοῦτόν
3458 3848 3512 3882 τι
3576 3830 3977 3899 διαπράξεται,

2399 3925 2503 3976 κᾶν
2553 3924 2927 3993 ἀξιωματικός
2974 3924 3081 3991 εἴη,
3119 3923 3335 3993 πρῶτον
3388 3922 3487 3992 μὲν
3534 3922 3608 3985 ὡς
3654 3925 3980 3992 παραϐάτης

2396 4015 2491 4068 τοῦ
2534 4017 2806 4085 ἡμετέρου
2836 4015 3265 4084 προστάγματος
3310 4014 3400 4066 διὰ
3445 4014 3652 4083 δαρμοῦ
3707 4032 3978 4084 σωφρονιο

2399 4108 2660 4176 σθήσεται
2716 4108 2810 4160 καὶ
2864 4109 3088 4179 κουράς,
3129 4106 3322 4158 ἔπειτα
3371 4105 3426 4157 δὲ
3474 4107 3567 4157 καὶ
3611 4105 3755 4175 λόγῳ
3788 4108 3980 4176 ποινῆς

2398 4198 2841 4269 ἀπαιτηθήσεται
2872 4199 3063 4266 λίτρας
3096 4198 3450 4267 νομισμάτων
3472 4197 3531 4262 ’ἐξ
3569 4198 3670 4265 (3).
3708 4198 3770 4249 Εἰ
3801 4198 3859 4251 δὲ
3893 4202 3985 4251 καὶ

2397 4291 2506 4344 τῶν
2538 4292 2600 4342 ὲκ
2629 4291 2724 4359 τῆς
2775 4289 3035 4353 τοιαύτης
3083 4290 3404 4357 ’ἐπισκοπῆς
3464 4289 3747 4358 κληρικῶν
3780 4310 3867 4354 τις
3907 4293 3983 4353 ὼς

2398 4383 2730 4451 ὑφελόμενός
2779 4400 2901 4434 τινα
2956 4381 3065 4434 τῶν
3098 4382 3199 4451 τῆς
3240 4382 3575 4451 Ἐκκλησίας
3631 4384 3982 4451 πραγμάτων

2398 4474 2676 4545 φωραθείη
2727 4474 3053 4545 (τολμᾶσθαι
3100 4473 3212 4541 γὰρ
3265 4473 3329 4541 δὴ
3378 4474 3475 4526 καὶ
3525 4472 3754 4525 τοιαῦτα
3810 4476 3984 4526 πολλά

711 4557 1116 4625 perceptionem
1143 4558 1411 4622 veritatis,
1436 4560 1604 4627 gradu
1637 4574 1733 4612 suo
1760 4562 2093 4627 spoliandos,
2122 4563 2284 4616 veluti

2397 4566 2545 4638 παρὰ
2586 4566 2697 4619 τῶν
2745 4566 3026 4636 κληρικῶν
3073 4569 3105 4636 ἡ
3147 4565 3394 4635 βασιλεία
3445 4582 3546 4635 μου
3602 4566 3980 4636 ἀνεδιδάχθη),

714 4648 806 4715 qni
856 4648 966 4702 Deo
995 4661 1316 4703 consecrata
1367 4652 1607 4719 rapiant,
1662 4662 1715 4705 et
1770 4655 1949 4721 palam
2009 4656 2289 4723 sacrilegis

716 4742 948 4794 habendi
983 4742 1111 4795 sint.
1134 4741 1318 4810 Itaque
1347 4758 1454 4795 non
1482 4742 1663 4796 licebit
1689 4745 1757 4797 ab
1787 4747 1889 4799 hoc
1918 4756 2160 4815 tempore
2194 4764 2291 4802 nec

709 4830 1024 4899 iudicibus,
1077 4849 1175 4888 nec
1230 4835 1704 4902 descriptoribus,
1760 4851 1860 4891 uec
1903 4842 2287 4905 quazstoribus,

714 4940 815 4979 nec
850 4925 1098 4993 ducibus,
1131 4943 1231 4981 nec
1262 4930 1605 4995 praetoribus,
1632 4942 1729 4981 nec
1760 4930 2156 4996 provisoribus,
2190 4945 2289 4985 nec

713 5015 857 5081 aliis,
911 5018 1111 5084 quibus
1166 5019 1459 5072 servitutes
1506 5018 1715 5073 ﬁscales
1759 5009 1981 5074 creditae
2026 5031 2182 5084 sunt,
2231 5006 2297 5074 ut

712 5116 835 5177 post
866 5109 1071 5161 obitum
1102 5109 1440 5178 pontiﬁcum,
1464 5110 1690 5164 omnino
1723 5111 1914 5165 domos
1945 5113 2287 5182 episc0pa|es

714 5200 935 5261 adeant,
969 5210 1063 5252 aut
1097 5216 1180 5254 res
1208 5217 1393 5255 carent
1433 5204 1739 5258 immobiles
1790 5215 1884 5259 aut
1933 5208 2290 5273 monasteria,

638 5356 645 5360 _
715 5292 892 5361 deque
942 5293 1027 5346 his
1085 5294 1385 5363 quidquam
1420 5311 1647 5366 prorsus
1685 5296 1957 5361 auferant,
1994 5314 2095 5353 nec
2130 5301 2293 5354 lisca»

715 5383 846 5437 lium
874 5387 1292 5452 pensitationum
1323 5398 1578 5454 prtetextu
1603 5390 1842 5459 subjecta
1864 5390 2076 5459 juribus
2109 5393 2291 5446 Eccle-

712 5476 809 5531 sia:
864 5477 1273 5545 ingrediantur,
1308 5489 1364 5532 et
1409 5495 1529 5549 qua:
1575 5482 1760 5536 volunt
1815 5482 2087 5537 auferant.
2142 5483 2286 5548 Quin

714 5570 879 5624 etiam
909 5570 955 5624 si
994 5571 1123 5639 quid
1157 5573 1659 5642 archiepiscopatus
1690 5573 1822 5629 ﬁsco
1855 5576 2070 5639 debeat,
2106 5577 2287 5631 clerici

716 5666 1084 5727 arcessantur,
1113 5674 1177 5715 ac
1207 5661 1475 5731 siquidem
1501 5661 1764 5731 liquidum
1798 5664 2126 5734 minimeque
2158 5681 2287 5719 con-

2390 4661 2687 4730 διορίζεται
2711 4660 2803 4711 καὶ
2834 4660 3061 4722 τούτους
3099 4660 3238 4727 μετὰ
3258 4659 3464 4728 ἀκριϐῆ
3488 4659 3711 4727 ἔλεγχον
3743 4661 3842 4711 καὶ
3881 4660 3982 4727 τῆς

2391 4753 2651 4821 ἀληθείας
2682 4750 2991 4820 κατάληψιν
3024 4750 3119 4803 τοῦ
3162 4752 3369 4803 οἰκείου
3405 4750 3698 4803 ἐκπίπτειν
3733 4749 3979 4821 βαθμοῦ,

2389 4847 2462 4909 ὡς
2490 4846 2560 4899 τὰ
2580 4846 2655 4915 τῷ
2679 4843 2798 4914 Θεῷ
2825 4843 3224 4913 ἀνατεθειμένα
3252 4844 3692 4912 ἀφαιρουμένους
3719 4846 3813 4896 καὶ
3840 4846 3983 4911 ἱερο-

2391 4936 2582 5000 σύλους
2594 4939 2854 5006 ἄντικρυς
2870 4935 3279 5004 λογιζομένους.
3299 4935 3413 4987 Οὐκ
3434 4932 3646 4998 ἐξέσται
3665 4934 3847 4986 τοίνυν
3871 4936 3980 4986 ἀπὸ

2387 5031 2483 5084 τοῦ
2527 5030 2795 5101 παρόντος
2833 5028 2957 5081 οὕτε
2999 5030 3213 5097 κριταῖς
3247 5025 3371 5079 οὔτε
3398 5026 3811 5095 ἀναγραςεῦσιν
3854 5026 3979 5079 οὔτε

2387 5123 2729 5193 πράκτορσιν
2758 5119 2880 5173 οὔτε
2905 5120 3083 5185 δουξὶν
3100 5119 3158 5171 οὗ
3169 5136 3223 5170 τε
3244 5121 3573 5189 στρατηγοῖς
3598 5118 3723 5169 οὔτε
3744 5136 3980 5189 προνοη-

2389 5216 2510 5275 ταῖς
2526 5203 2649 5264 οὔτε
2684 5212 2863 5273 ἄλλοις
2890 5228 3001 5263 τισι
3026 5210 3370 5278 δημοσιακάς
3392 5208 3637 5270 δουλείας
3663 5210 3977 5279 ἐγκεχειρι-

2392 5306 2646 5374 σμένους,
2678 5306 2818 5373 μετὰ
2847 5304 3108 5374 τελευτὴν
3132 5304 3242 5355 τῶν
3268 5302 3575 5372 ἀρχιερέων
3604 5302 3979 5371 παραϐάλλειν

2394 5393 2530 5455 ὅλως
2583 5395 2693 5455 τοῖς
2747 5392 3121 5453 ἐπισκοπείοις
3163 5392 3343 5461 ῆτοῖς
3393 5388 3743 5459 διαφέρουσιν
3790 5391 3979 5453 αὐτοῖς

2395 5485 2677 5554 ἀκινήτοις
2704 5485 2737 5555 ἢ
2769 5485 3157 5553 μοναστηρίοις
3180 5484 3274 5535 καὶ
3295 5480 3648 5551 ἀφαιρεῖσθαί
3676 5500 3727 5533 τι
3762 5481 3825 5533 τὸ
3855 5482 3980 5533 σύν-

2398 5576 2518 5627 ολον
2558 5575 2617 5639 ἐξ
2662 5575 2863 5639 αὐτῶν,
2892 5572 3015 5626 οὔτε
3054 5573 3162 5643 μὴν
3197 5571 3465 5643 προφάσει
3501 5571 3857 5641 δημοσιακὼν
3887 5590 3978 5627 τε-

2393 5665 2683 5736 λεσμάτων
2707 5664 3051 5736 εἰσέρχεσθαι
3086 5666 3166 5728 είς
3199 5664 3267 5719 τὰ
3286 5663 3386 5733 τῆς
3424 5663 3756 5732 Ἐκκλησίας
3790 5663 3977 5720 δίκαια

793 5836 871 5907 (5)
911 5838 1035 5897 llaec
1086 5855 1339 5914 corrupta
1397 5852 1543 5900 sunt.
1579 5844 1745 5903 Forte
1776 5848 2128 5918 νομισμάτων
2177 5847 2464 5903 delendum
2497 5857 2596 5900 est.
