4194 6444
696 401 837 466 1155

717 524 1345 552 ____.____.__.

1793 398 2041 457 ISAACI
2076 395 2446 457 ARMENLE
2491 395 2912 455 CATIIOLICL

3832 394 3968 457 1156

853 689 1199 824 ΤΟΥ
1296 686 1821 820 ΟΣΙΟΥ
1919 680 2618 817 ΙΙΑΤΡΟΣ
2705 681 3191 813 ΗΜΩΝ
3276 672 3796 810 ΙΣΑΑΚ

1571 919 1707 973 ΤΟΥ
1742 915 2151 971 ΚΑΘΟΛΙΚΟΓ
2180 916 2317 968 ΤΗΣ
2346 913 2681 969 ΜΕΓΑΔΗΣ
2713 913 3075 969 ΛΡΜΕΝΙᾹΣ

1154 1086 1523 1173 ΛΟΓΟΣ
1597 1081 2496 1170 ΣΤΗΛΙΤΕΥΤΙΚΟΣ
2572 1080 2871 1165 ΚΑΤΑ
2944 1078 3516 1167 ΑΡΜΕΝΙΩΝ

699 1271 824 1318 ΤΩΝ
873 1271 1274 1320 ΟΜΟΦΡΟΝΩΝ
1327 1268 1656 1321 ΕΥΤΥΧΟΥΣ
1709 1266 1825 1314 ΚΑΙ
1891 1261 2690 1319 ΔΙΟΣΚΟΡΟΥ⁹,ΤΙΜΟΘΕΟΥ
2761 1256 3123 1309 ΑῘΑΟΥΡΟΥ·
3181 1258 3433 1309 ΠΕΤΡΟΥ
3484 1256 3612 1307 ΤΟΥ
3662 1254 3969 1333 ΚΝΔΦξῖΩΣ

761 1353 1108 1401 ΙΟΥΔΙΑΝΟΥ
1152 1354 1278 1404 ΤΟΥ
1324 1350 1835 1411 ΑΛΙΚΔΡΝΑΣΕΩΣ,
1877 1352 1993 1400 ΚΑΙ
2040 1346 2680 1405 ΑΦΘΛΡΤΟΔΟΚΗΤΩΝ,
2710 1344 2837 1395 ΤΩΝ
2874 1341 3329 1395 ΔΣΕΒΕΣΤΔΤΩΝ
3370 1336 3485 1393 ΚΑΙ
3513 1338 3969 1391 ΧΡΙΣΤΟΙΙΔΧΩΝ

763 1432 1124 1483 ΔΙΡΕΤΙΚΩΝ.

802 1725 1486 1886 SANGTI
1618 1598 2314 1885 PATRIS
2437 1724 3148 1883 NOSTRI
3263 1723 3890 1885 ISAAGI

1815 1993 2080 2052 MAGNE
2121 1992 2456 2050 ARMENUE
2498 1993 2887 2063 CATHOLICI,

1023 2169 1486 2263 ORATIO
1576 2169 2235 2263 INVECTIVA
2330 2169 2943 2262 ADVERSUS
3037 2174 3650 2270 ARMENIOS

708 2386 860 2430 IDEM
890 2384 1231 2428 SAPIENTES
1268 2384 1476 2437 ATQUE
1523 2382 1853 2428 EUTYCHES
1902 2382 1973 2426 AC
2014 2380 2403 2439 DIOSCORUS;
2464 2380 2824 2427 TIMOTHEUS
2881 2384 3029 2428 ITEM
3081 2386 3382 2443 ELURUS;
3438 2389 3677 2434 PETRUS
3730 2395 3976 2451 FULLO;

824 2489 1128 2539 JULIANUS
1154 2489 1682 2545 ALICARNASSEUS,
1720 2487 1795 2533 ET
1837 2488 2490 2543 APHTHARTUDOCITE,
2527 2490 2853 2534 IMPIISSIMI
2882 2491 2958 2533 AC
2993 2492 3239 2536 CHRISTI
3269 2494 3505 2539 HOSTES
3540 2497 3872 2547 H£RETICL

1342 2782 1570 2840 CAPUT
1614 2784 1658 2837 Ι.

1031 2877 1105 2933 De
1144 2877 1345 2930 duabus
1385 2878 1441 2930 in
1482 2876 1692 2932 Christo
1736 2875 1967 2929 naturis.

781 2971 824 3027 1.
854 2970 989 3024 Cum
1037 2970 1116 3022 sic
1154 2968 1373 3031 haheat,
1419 2978 1475 3021 nt
1514 2968 1825 3037 Euthyches
1875 2983 1939 3022 ac
1984 2967 2295 3030 Dioscorus,

712 3063 1033 3117 Timotheus
1068 3074 1282 3129 quoque
1314 3057 1560 3123 IEIurnS,
1594 3073 1657 3111 ac
1684 3072 1871 3110 eorum
1918 3068 2081 3110 secta:
2123 3056 2298 3110 homi-

712 3170 829 3218 nes,
866 3153 1293 3207 incarnationem
1318 3149 1517 3203 Christi
1546 3149 1727 3217 specie
1754 3161 1912 3203 tenus
1935 3148 2130 3201 fat-tam
2161 3163 2297 3213 pra:-

712 3246 993 3309 tlicantes,
1029 3253 1188 3310 atque
1237 3244 1373 3295 adeo
1434 3257 1596 3294 unam
1641 3242 1793 3294 ineo
1832 3252 2079 3293 naturam
2127 3239 2298 3293 Mani-

711 3340 981 3389 chaeorum
1032 3336 1242 3387 insania
1296 3334 1691 3401 przedirantes;
1740 3343 2064 3399 sanctosque
2111 3345 2300 3384 omnes

712 3427 901 3481 Patres
955 3428 1009 3479 in
1064 3425 1389 3493 praedatoria
1456 3424 1726 3493 Ephesina
1799 3425 2038 3477 secunda
2096 3421 2300 3492 synodo

714 3517 1265 3580 anathematizantes,
1316 3532 1379 3569 ac
1429 3530 1619 3569 eorum
1666 3526 1871 3568 rectam
1920 3514 2077 3567 [idem
2131 3514 2299 3567 abne-

715 3616 927 3677 gantes,
961 3607 1189 3674 ideoque
1238 3621 1267 3659 a
1301 3606 1483 3659 Leone
1516 3605 1867 3659 sanctissimo
1920 3619 2054 3671 papa
2097 3602 2300 3667 Romre,

714 3710 1012 3767 sanctaque
1058 3698 1319 3760 Ecclesia,
1363 3712 1425 3751 ac
1449 3696 1787 3751 (ecumenica
1824 3694 1967 3765 apud
2005 3692 2307 3748 Chalcedo-

721 3807 843 3845 nem
883 3791 1115 3862 synodo,
1148 3790 1401 3859 depositi,
1448 3787 1783 3841 anathemati
1832 3786 2030 3839 subditi
2082 3785 2304 3847 fuerint,

718 3894 883 3950 utque
936 3882 1087 3951 impii
1123 3893 1176 3936 et
1218 3880 1525 3942 Manichaei,
1555 3879 1869 3946 Christique
1918 3879 2121 3940 hostes,
2153 3892 2181 3929 a
2214 3891 2308 3929 ca-

719 3976 918 4029 tholica
956 3990 1020 4029 ac
1070 3974 1366 4042 apostolica
1419 3970 1685 4035 Ecclesia,
1717 3985 1813 4039 per
1867 3970 2016 4024 orbis
2066 3968 2304 4021 universi

718 4062 1002 4130 episcopos
1062 4060 1297 4127 expulsi,
1348 4070 1509 4127 atque
1553 4057 1747 4111 exsilio
1805 4057 2027 4123 relegati
2061 4072 2076 4109 ε
2115 4070 2305 4107 eorum

2323 2788 2371 2845 Δ

3002 2792 3255 2845 ΚΕΦΑΛ.
3296 2794 3371 2845 Α’.

2578 2877 2715 2943 Περὶ
2742 2876 2861 2930 τῶν
2890 2879 2999 2933 δύο
3032 2882 3277 2949 φύσεων
3301 2881 3420 2935 τῶν
3455 2884 3522 2936 ἐν
3557 2886 3807 2953 Χριστῷ.

2474 2971 2553 3023 A'.
2598 2970 2927 3040 Ἐπειδήττερ
2954 2974 3199 3041 Εὑτυχὴς
3238 2975 3333 3025 καὶ
3374 2975 3688 3045 Διόσκορος,
3720 2980 3986 3048 Τιμόθεος

2400 3059 2427 3111 ὁ
2453 3059 2734 3129 Αῑλουρος,
2769 3060 2862 3111 καὶ
2892 3064 2938 3113 οἱ
2972 3063 3151 3114 αὐτῶν
3200 3065 3520 3133 ὁμόφρονες,
3556 3069 3655 3133 τὴν
3704 3070 3985 3140 σάρκωσιν

2401 3150 2639 3219 Χριστοῦ
2659 3153 2714 3202 ἐν
2735 3153 3003 3224 φαντασίᾳ
3031 3153 3391 3223 κηρύξαντες,
3417 3158 3508 3209 καὶ
3538 3157 3627 3209 διὰ
3653 3158 3829 3223 τοῦτο,
3860 3163 3988 3230 μῖαν

2404 3242 2568 3309 φύσιν
2596 3244 2653 3296 ὲν
2685 3245 2835 3314 αύτῷ
2858 3247 3213 3314 Μανιχαῖκῶς
3239 3247 3755 3317 βλασφημήσαντες,
3780 3255 3989 3316 πάντας

2402 3336 2528 3395 τοὺς
2575 3336 2764 3402 ἁγίους
2816 3338 3067 3405 Πατέρας
3106 3340 3421 3411 τολμηρῶς,
3460 3342 3552 3392 καὶ
3597 3344 3809 3405 mea;
3839 3346 3896 3396 ἐν
3921 3348 3986 3414 τῇ

2404 3424 2462 3473 ὲν
2510 3423 2717 3492 Ἐρέσῳ
2752 3423 3016 3494 λῃστρικῇ
3050 3427 3282 3495 δευτέρᾳ
3319 3428 3522 3495 συνόδῳ
3548 3429 3987 3498 ἀναθεματίσαν-

2406 3530 2516 3575 τες,
2550 3514 2644 3565 καὶ
2675 3514 2774 3583 τὴν
2821 3514 3115 3586 ὀρθόδοξην
3147 3517 3333 3571 πίστιν
3359 3520 3541 3573 αὐτῶν
3586 3522 3986 3591 ἀρνησάμενοι,

2407 3607 2501 3657 καὶ
2542 3605 2629 3661 διὰ
2669 3604 2828 3659 τοῦτο
2882 3607 2985 3659 ὑπὸ
3032 3610 3287 3673 Λέοντος,
3336 3609 3429 3662 τοῦ
3472 3611 3779 3678 ἀγιωτάτου
3830 3616 3987 3667 πάπα

2418 3694 2665 3766 Ῥώμης,
2703 3698 2797 3750 καὶ
2831 3697 2937 3750 ὑπὸ
2975 3698 3076 3768 τῆς
3123 3699 3286 3766 ἁγίας
3322 3700 3653 3771 Ἐκκλησξας
3686 3706 3781 3755 καί
3810 3706 3993 3757 οἱκουο

2412 3793 2643 3861 μενικῆς
2679 3795 2735 3846 ὲν
2781 3793 3087 3864 Χαλκηδόνι
3123 3795 3370 3859 συνόδου,
3398 3796 3865 3867 ,καθαιρεθέντεῆ
3913 3800 3987 3868 τῷ

2409 3882 2713 3951 ἀναθέματι
2736 3884 3253 3956 καθυπεϐλήθησαν,
3290 3889 3382 3939 καὶ
3406 3888 3481 3949 ὠς
3510 3890 3728 3951 ἀσεϐεῖς
3758 3892 3849 3940 καὶ
3874 3892 3989 3943 Μα-

2408 3971 2624 4038 νιχαῖοι,
2656 3971 2751 4021 καὶ
2779 3976 3160 4040 χριστομάχοι,
3193 3973 3292 4041 τῆς
3338 3975 3629 4043 καθολικῆς
3677 3976 3773 4027 καὶ
3817 3980 3985 4028 ἀποσ-

2409 4062 2628 4129 τολικῆς
2671 4063 2996 4132 Ἐκκλησίας
3047 4065 3407 4135 ἐδιώχθησαν,
3464 4067 3553 4119 διὰ
3623 4070 3714 4119 τὸν
3767 4070 3869 4137 τῆς
3916 4072 3992 4121 οξ-

719 4156 881 4224 impia
923 4154 1197 4222 dogmata,
1233 4152 1575 4220 negationes,
1627 4149 2019 4217 blasphemias,
2058 4161 2301 4209 errores,

2410 4152 2680 4220 κουμένης
2716 4153 2894 4222 πάσης
2926 4156 3189 4224 ἀρχιερέα
3218 4158 3320 4225 (ι),
3347 4160 3443 4209 καὶ
3470 4158 3653 4229 ὲξορίᾳ
3687 4161 3993 4230 παρεδόθη-

720 4258 774 4310 in
805 4244 1078 4298 Christum
1121 4258 1353 4311 pugnam
1398 4242 1756 4313 suscipientes
1783 4240 2047 4302 Armenii,
2075 4254 2303 4293 sexcen-

722 4342 791 4392 tis
823 4339 935 4391 harc
965 4336 1211 4406 partibus
1234 4338 1593 4389 adanxerunt.
1626 4324 1803 4388 Simili
1830 4350 2043 4403 quoque
2066 4334 2301 4397 ratione,

721 4443 970 4497 magnam
1028 4426 1177 4480 illam
1242 4428 1585 4495 negationem
1649 4439 1714 4479 ac
1769 4425 2066 4479 terribilem
2102 4423 2302 4477 Juliani

720 4519 1085 4575 Alicaruassei
1137 4534 1201 4573 ac
1250 4518 1861 4587 Aphthartotlocitarum
1915 4518 2163 4571 hazresim
2218 4518 2304 4570 in-

722 4622 1051 4674 staurantes,
1086 4628 1148 4665 ac
1197 4613 1372 4679 palam
1430 4610 1637 4664 Christi
1696 4610 2126 4663 incarnationem
2172 4609 2305 4662 abo-

723 4704 930 4765 lentes,
992 4712 1190 4773 negant
1244 4702 1560 4766 Christum,
1616 4702 2083 4757 consubstantiale
2149 4701 2304 4755 nobis

723 4810 941 4862 corpus,
979 4808 1222 4847 crassum
1255 4808 1318 4847 ac
1350 4791 1600 4856 mortale,
1628 4800 2033 4858 terrenumqne,
2066 4806 2165 4844 nec
2196 4806 2301 4844 non

725 4885 1079 4953 corruptibile
1106 4899 1170 4938 ac
1193 4894 1457 4947 creatum,
1494 4898 1560 4937 ex
1609 4882 1777 4936 Maria
1830 4881 2045 4951 Virgine
2090 4899 2300 4951 assum-

724 4976 895 5045 psisse
915 4994 928 5029 :
950 4976 1215 5045 quinimo,
1244 4988 1442 5044 corpus
1466 4989 1573 5029 non
1602 4975 1899 5028 obnoxium
1939 4972 2298 5041 corruptioni,

723 5068 940 5131 subtile,
979 5066 1330 5137 impassibile,
1358 5064 1683 5127 immortale,
1725 5066 2067 5130 increatum;
2100 5079 2182 5129 ac,
2216 5064 2299 5117 in-

725 5156 942 5225 quiunt.
980 5155 1139 5211 Visus
1179 5167 1262 5212 est
1292 5159 1477 5221 homo,
1512 5166 1570 5211 ut
1604 5156 1805 5223 voluit;
1849 5156 2302 5225 manducavitquc

725 5257 780 5301 ct
808 5249 960 5303 bibit.

801 5340 864 5394 ll.
903 5339 1039 5395 Tum
1095 5358 1284 5396 rursus
1336 5343 1476 5397 hanc
1520 5356 1737 5412 quoque
1792 5343 2195 5411 incorpoream,
2238 5357 2301 5396 ac

2411 4258 2509 4293 σαν
2531 4258 2546 4272 ·
2576 4243 2781 4295 τούτων
2804 4243 2902 4305 τὰς
2934 4246 3210 4309 ἀσεϐείας,
3248 4249 3342 4300 καὶ
3380 4250 3657 4319 ἀρνήσεις,
3686 4253 3783 4302 καὶ
3819 4251 3991 4319 βλασ-

2413 4332 2647 4401 φημίας,
2694 4334 2787 4386 καὶ
2818 4336 3160 4402 κακοδοξίας,
3193 4339 3286 4390 καὶ
3329 4342 3749 4410 χριστομαχίας,
3784 4344 3836 4394 ot
3874 4342 3998 4410 ’Δρ-

2412 4424 2585 4492 μένιοι
2614 4424 2917 4493 δεξάμενοι,
2958 4427 3375 4497 μυριαπλασίως
3408 4430 3611 4495 ταύτας
3650 4433 3995 4499 ἐπηύξησαν.

2421 4516 2694 4579 Ὡσαύτως
2723 4517 2800 4580 δὲ,
2837 4521 2929 4570 καὶ
2952 4518 3049 4587 τὴν
3084 4521 3327 4591 μεγάλην
3367 4523 3595 4593 ἄρνησιν
3629 4527 3728 4577 καὶ
3758 4528 3997 4597 φοϐερὰν

2411 4610 2625 4677 αἵρεσιν
2695 4609 2985 4662 Ἰουλιανοῦ
3050 4611 3145 4663 τοῦ
3213 4612 3679 4684 Ἀλικαρνασὲως,
3742 4618 3997 4670 καὶτῶν

2420 4698 2939 4769 ’Λφθαρτοδοκητῶν
2964 4703 3434 4768 ἀνακαινίσαντες,
3459 4708 3553 4758 καὶ
3581 4708 3680 4775 τὴν
3714 4710 3993 4778 σάρκωσιν

2404 4790 2497 4842 τοῦ
2542 4791 2778 4859 Χριστοῦ
2830 4793 3127 4860 προφανῶς
3178 4794 3520 4859 ἀθετοῦντες,
3582 4797 3857 4867 λέγουσιν,
3916 4803 3999 4871 ὅτι

2407 4879 2571 4949 σῶμα
2609 4881 2743 4949 ἡμῖν
2774 4881 3084 4949 ὁμοούσιον,
3116 4882 3266 4951 παχὺ
3304 4886 3399 4936 καὶ
3427 4887 3619 4955 θνητὸν
3660 4889 3754 4940 καὶ
3792 4892 3995 4957 χοῖκὸν,

2410 4972 2652 5043 φθαρτόν
2677 4989 2735 5024 τε
2764 4974 2859 5025 καὶ
2886 4973 3122 5037 κτιστδν,
3160 4977 3188 5027 ό
3230 4976 3465 5045 Χριστὸς
3498 4980 3598 5030 ούκ
3628 4980 3897 5033 ἀνέλαϐεν
3932 4983 3995 5032 ἐκ

2402 5064 2501 5131 τῆς
2516 5063 2807 5133 ’Παρθένου
2832 5065 3049 5133 Μαρίας
3075 5081 3089 5095 ⁸
3114 5066 3232 5118 ἀλλ’
3259 5068 3542 5139 ἄφθαρτον
3561 5070 3741 5139 σῶμα,
3774 5057 3993 5133 λεπτὸν,

2411 5154 2647 5219 ἀπαθὲς,
2681 5155 2974 5221 ἀθάνατον,
3014 5158 3267 5209 ἀκτιστον
3290 5176 3304 5188 ·
3346 5162 3441 5214 καὶ
3470 5159 3649 5231 ὤφθη,
3677 5163 3868 5230 φασὶν,
3902 5163 3997 5215 ἀν-

2405 5247 2646 5317 θρωπος,
2682 5247 2758 5309 ὡς
2796 5247 3029 5317 ἠθέλησε
3058 5264 3073 5280 ο
3110 5251 3206 5301 καὶ
3232 5250 3431 5318 ἔφαγε,
3465 5254 3559 5305 καὶ
3590 5252 3780 5306 ἔπιεν.

2474 5336 2548 5391 13'.
2593 5333 2724 5389 Εἶτα
2756 5337 2919 5391 πάλιν
2950 5339 3043 5391 καὶ
3069 5340 3273 5409 ταύτην
3301 5344 3399 5411 τὴν
3431 5342 3745 5410 ἀσώματον,
3777 5343 3869 5395 καὶ
3899 5343 3995 5394 ἀΰ-

727 5437 970 5487 materiae
1002 5446 1278 5504 expertem
1314 5448 1532 5489 carnem
1567 5437 1780 5505 penitus
1818 5444 2097 5503 negantes,
2126 5448 2301 5503 exque

2408 5426 2495 5481 λον
2524 5429 2701 5500 σάρκα
2732 5431 3012 5495 παντελῶς
3048 5432 3484 5504 ἀπαρνούμενοι,
3516 5435 3610 5486 καὶ
3644 5436 3707 5485 ὲκ
3730 5434 3831 5503 τῆς
3865 5436 3996 5485 ἐαυ-

727 5525 1009 5579 immundo
1049 5540 1113 5583 ac
1156 5527 1356 5584 Christi
1416 5530 1573 5584 hoste
1624 5529 1863 5598 ipsorum
1922 5527 2086 5581 corde
2136 5527 2303 5581 falsas

729 5616 933 5670 fabulas
955 5614 1458 5684 comminiscentes,’
1476 5620 1720 5674 eamdem
1764 5619 1933 5687 ipsam
1958 5617 2302 5683 invisibilem,

730 5702 1111 5771 immortalem,
1152 5721 1217 5761 ac
1254 5708 1626 5777 incorruptam
1670 5720 1911 5773 carnem,
1953 5706 2009 5761 in
2055 5716 2303 5761 naturam

802 5818 877 5889 (l)
922 5804 1058 5893 Lege
1089 5823 1195 5877 τῶν
1225 5824 1550 5896 ἀρχιερέων.

2408 5522 2519 5574 τῶν
2557 5523 2871 5594 ἀκαθάρτου
2925 5527 3020 5579 καὶ
3073 5527 3445 5597 χριστομάχου
3485 5526 3736 5596 καρδίας,
3794 5526 3997 5593 μύθους

2409 5614 2627 5684 ψευδεῖς
2674 5616 3135 5681 ἀναπλάττοντες,
3165 5619 3417 5687 λέγουσιν
3450 5637 3463 5650 ’
3515 5621 3598 5673 ὅτι
3643 5619 3739 5671 καὶ
3785 5618 3924 5686 αὕτη
3963 5619 3996 5685 ἡ

2409 5708 2620 5780 ἀόρατη
2643 5710 2739 5764 καὶ
2774 5710 3046 5778 ἀθάνατος
3080 5712 3240 5783 σὰρξ,
3285 5715 3362 5777 είς
3398 5712 3561 5783 φύσιν
3610 5712 3867 5782 θεότητος
3900 5712 3996 5781 Υέ⁶
