4194 6444
175 461 317 531 1157

1256 447 1548 509 ORATIO
1590 445 1884 506 CONTRA
1930 442 2344 506 ARMENIOS.

3305 446 3443 515 1158

180 592 328 645 γονε,
380 571 474 627 καὶ
515 571 615 623 οὐκ
664 566 778 637 ἔχει
821 568 849 620 ό
894 564 1127 635 Χριστὸς
1183 562 1241 615 ἑν
1289 560 1436 631 αὐτῷ
1486 563 1631 611 σώαν
1665 556 1754 625 “rip

1868 553 2167 609 divinitatis
2210 555 2544 607 demutatam
2588 552 2762 619 aiunt,
2789 566 2889 609 nec
2918 553 3216 628 Christum,
3248 560 3445 617 huma-

182 665 461 736 ἡμετέραν
490 659 652 730 φύσιν
679 675 692 687 ·
722 658 783 709 οὺ
808 656 963 726 σῶμα
990 655 1121 722 ἡμῖν
1145 651 1430 720 ὁμοούσιον
1451 686 1465 712 ,
1496 648 1556 699 οὺ
1584 649 1759 717 σάρκα

179 758 277 811 καὶ
325 755 493 808 ὀστᾶ·
525 753 587 804 οὐ
639 750 885 819 κεφαλήν
912 765 926 779 ·
960 747 1020 798 οὐ
1066 747 1257 815 χεῖρας
1309 744 1401 795 καὶ
1452 739 1622 802 πόδας
1654 754 1668 770 ο
1696 739 1758 792 οὐ

180 850 369 917 σχῆμα
418 840 707 911 ἀνθρώπου
734 858 749 872 ο
790 839 927 893 ἀλλά
958 837 1184 906 γέγονεν
1215 834 1419 891 ἁπλοῦς
1457 833 1550 885 καὶ
1594 830 1763 884 ἀσύν-

178 939 354 999 θετος,
386 936 575 1005 ὥσπερ
600 928 667 1005 ἦν
694 933 787 987 καὶ
812 930 916 1001 πρὸ
935 931 1031 999 τῆς
1058 930 1405 1000 σαρκῶσεως.
1434 928 1538 1009 καὶ
1567 925 1758 993 ῶσπερ

179 1024 400 1089 σταγὼν
427 1022 690 1092 μέλιτοςῆ
718 1020 872 1085 ὄξους
907 1018 1335 1089 συνανακραθὲν,
1366 1017 1461 1070 καὶ
1488 1032 1761 1070 καταπον-

176 1113 361 1164 τισθὲν
393 1114 449 1164 ἐν
480 1111 706 1179 πελάγει
729 1110 830 1179 τῆς
859 1109 1155 1180 Θαλάσσης,
1182 1109 1363 1161 οὐκέτι
1395 1108 1606 1178 ὁρᾶται,
1632 1105 1757 1158 οὔτε

177 1204 515 1269 ὑφίσταται·
547 1202 725 1265 οὕτως
758 1204 891 1271 φασὶ
936 1204 1031 1255 καὶ
1059 1202 1120 1252 τὸ
1151 1201 1309 1270 σῶμα
1342 1202 1518 1254 ἐκεῖνο
1562 1200 1621 1251 ἑν
1656 1191 1699 1266 ᾧ
1729 1199 1757 1251 ὁ

176 1296 415 1361 Χριστὸς
455 1297 531 1363 (2)
581 1294 833 1360 ἀνέλαϐε,
877 1293 1289 1362 συνανακραθὲν
1329 1292 1425 1345 καὶ⁴
1477 1308 1755 1343 καταπον-

174 1383 366 1434 τισθὲν
404 1385 460 1434 ἑν
519 1382 751 1450 πελάγει
805 1382 908 1447 τῆς
944 1380 1219 1450 θεότητος,
1255 1380 1440 1433 οὐκέτι
1471 1380 1659 1449 δρᾶται
1698 1380 1756 1430 ὲν

175 1476 425 1547 Χριστῷ,
470 1476 594 1529 οὔτε
633 1476 770 1529 σῶον
801 1476 859 1529 ὲν
884 1474 1031 1544 αὐτῷ
1064 1475 1379 1543 ὑφίσταται,
1424 1472 1548 1525 οὔτε
1593 1472 1755 1535 σώζει

174 1570 277 1636 τὴν
314 1568 507 1620 ἑαυτοῦ
545 1569 729 1636 φύσιν,
784 1564 907 1619 οὔτε
941 1567 1205 1635 φυλάττει
1247 1565 1348 1633 τὴν
1393 1565 1585 1618 ἑαυτοῦ
1623 1563 1755 1617 ἰδιόο

174 1677 316 1726 τητα
342 1676 356 1689 ·
389 1661 483 1712 καὶ
508 1660 600 1713 διὰ
625 1658 785 1712 τοῦτό
807 1675 991 1728 φασιν,
1023 1656 1124 1710 οῦκ
1153 1659 1293 1709 εἰσιν
1325 1659 1383 1709 ἑν
1408 1655 1629 1727 Χριστῷ
1662 1653 1755 1707 δύο

178 1751 395 1817 φύσεις,
432 1752 681 1821 θεότητος
709 1751 801 1803 καὶ
827 1748 1115 1820 ἁνθρωπότ
1127 1764 1273 1817 ητοςο
1296 1749 1431 1801 ἀλλά
1463 1748 1563 1814 μία
1592 1745 1753 1813 (εύσις

174 1845 271 1912 ὅλη
321 1844 421 1913 τῆς
468 1844 746 1916 θεότητος.
780 1843 945 1897 Ὅθεν
985 1844 1079 1897 καὶ
1122 1843 1220 1906 τὰς
1266 1841 1598 1912 παραδόσεις
1651 1842 1751 1908 τῆς

177 1935 476 2005 καθολικῆς
547 1935 916 2006 Ἐκκλησίας,
974 1934 1068 1988 καὶ
1121 1934 1232 1986 τῶν
1291 1932 1607 2003 μυστηρίων
1657 1932 1751 1984 τοῦ

175 2027 440 2096 Χριστοῦ,
480 2029 624 2081 κατὰ
650 2028 750 2098 τὴν
795 2026 925 2098 μίαν
956 2025 1140 2096 φύσιν,
1169 2024 1236 2095 ἢν
1267 2026 1323 2076 ὲν
1342 2024 1560 2095 Χριστῷ
1592 2023 1754 2094 βλασ-

176 2119 421 2188 φημοῦσι
444 2126 489 2181 ,“
525 2120 707 2186 πάσας
786 2117 1263 2190 μεταστρέψαντες
1286 2158 1300 2183 ,
1376 2117 1755 2187 παραπλήσιον

173 2211 384 2274 ταύτας
432 2212 869 2281 ἐκαινοτόμησαν
896 2223 909 2238 ⁸
951 2212 1047 2263 καὶ
1090 2209 1189 2279 τὴν
1232 2208 1522 2261 κοινωνίαν
1554 2208 1610 2260 δὲ
1646 2207 1755 2259 τῶν

180 2305 524 2374 μυστηρίων,
554 2306 721 2375 ιἤγουν
755 2305 853 2374 τὴν
883 2304 1072 2357 θυσίαν
1093 2304 1184 2358 τοῦ
1216 2303 1405 2372 ἄρτου,
1431 2300 1529 2369 τῆς
1555 2301 1753 2372 σαρκὸς

177 2392 274 2445 τοῦ
307 2393 571 2462 Χριστοῦ,
605 2394 665 2446 ού
708 2394 861 2464 σῶμα
892 2394 1131 2465 Χριστοῦ
1166 2393 1260 2446 τοῦ
1300 2390 1437 2444 Θεοῦ
1481 2391 1750 2461 λέγουσιν,

175 2485 250 2546 ὡς
302 2486 465 2548 αὐτος
506 2488 533 2538 ό
574 2486 807 2556 Χριστὸς
859 2485 1122 2555 εἴρηκεν·
1170 2484 1307 2537 ἀλλά
1349 2484 1599 2554 θεότητα.
1644 2484 1755 2538 Καὶ

177 2578 410 2639 ταύταις
448 2581 568 2639 ταῖς
601 2576 952 2646 μυθολογίαις
992 2578 1087 2631 καὶ
1132 2577 1503 2651 βλασφημίαις
1534 2578 1753 2647 ὑπερει-

177 2670 399 2735 δόμενοι
424 2686 438 2699 '
476 2670 679 2738 μᾶλλον
709 2669 765 2721 δὲ
808 2668 1117 2740 καλαμίνην
1151 2670 1347 2738 ῥάϐδον
1389 2672 1600 2732 ἑαυτοῖς
1623 2670 1753 2721 ὑπο-

179 2763 504 2830 στήσαντες,
545 2760 645 2830 τὴν
674 2759 1090 2830 ἑνανορώπησιν
1136 2761 1230 2815 τοῦ
1265 2763 1590 2832 μονογενοῦς
1621 2763 1752 2817 Υίοῦ

177 2853 272 2905 τοῦ
305 2852 465 2916 Θεοῦ,
493 2853 560 2923 ἢν
593 2853 657 2905 τὰ
687 2854 930 2919 τέσσαρα
963 2854 1272 2924 Εὑαγγέλια
1296 2855 1627 2921 δεικνύουσι,
1660 2860 1756 2911 καὶ

179 2944 384 3007 πάντες
417 2943 464 2994 ei
507 2943 799 2995 ἀπόστολοι
849 2944 989 3011 μετὰ
1019 2945 1129 2995 τῶν
1175 2944 1455 3013 θεοφόρων
1495 2946 1755 3015 Πατέρων

179 3032 571 3099 κηρύττουσιν,
600 3023 749 3082 οὗτοι
771 3030 1049 3095 παντελῶς
1081 3031 1373 3101 ἀρνοῦνται
1408 3034 1499 3086 καὶ
1527 3034 1756 3105 ἀνατρὲο

178 3141 396 3177 πουσιν.

250 3210 325 3266 Γ’.
366 3211 534 3266 Ὅθεν
582 3214 763 3283 ἡμεῖς,
808 3215 927 3283 οὐχὶ
974 3213 1369 3284 διορθώσασθαι
1403 3219 1600 3282 αὐτοὺς
1633 3218 1755 3287 βου-
1781 3232 1824 3291 c

175 3304 392 3375 λόμενοι
432 3305 605 3359 ταῦτα
635 3308 922 3376 γράφομεν
948 3324 960 3337 ·
992 3306 1389 3378 διορθώσασθαι
1423 3311 1533 3380 γὰρ
1556 3313 1754 3375 αὐτοὺς

176 3394 439 3447 ἀδύνατον
470 3395 565 3447 καὶ
589 3397 702 3456 τοῖς
728 3396 1001 3463 ἀγγέλοις.
1036 3397 1095 3448 Ol
1125 3398 1231 3464 γὰρ
1256 3398 1403 3467 αὐτῷ
1427 3399 1501 3467 τῷ
1533 3401 1754 3470 Χριστῷ

176 3485 252 3555 τῷ
294 3484 411 3554 Υίῷ
446 3484 541 3537 τοῦ
574 3485 707 3539 Θεοῦ
753 3486 831 3555 τῷ
872 3490 1280 3559 σεσαρκωμένῳ
1328 3490 1468 3560 Θεῷ,
1513 3491 1607 3543 καὶ
1642 3496 1754 3557 τοῖς

176 3578 598 3644 εὐαγγελισταῖς
659 3578 754 3631 καὶ
798 3580 1117 3640 ἀποστόλοις
1158 3583 1324 3635 αὐτοῦ
1362 3583 1435 3653 μὴ
1496 3585 1756 3654 πειθόμε-

175 3687 277 3735 νοι,
321 3670 462 3739 μήτε
505 3670 875 3732 πιστεύοντες,
913 3671 1021 3723 τίνι
1062 3673 1234 3744 ἑτέρῳ
1267 3674 1407 3744 ἀγίῳ
1449 3675 1753 3748 διδασκάλῳ

177 3762 430 3831 ἑπιγείῳ,
466 3762 501 3829 ἢ
533 3761 844 3833 ἐπουρανίῳ
887 3762 1105 3831 ἀγγέλῳ
1152 3766 1598 3838 πιστεύσουσινῆ
1637 3785 1755 3821 πει-

178 3854 516 3919 σθήσονται;
582 3852 723 3905 Ἀλλ’
775 3854 861 3906 ἵνα
906 3853 1165 3907 ἀσέϐειαν
1217 3858 1310 3911 καὶ
1360 3861 1754 3932 χριστομαχίαν

176 3947 382 4008 αὐτῶν,
406 3945 463 4010 ἐξ
510 3944 678 3998 αὑτοῦ
705 3945 801 3999 τοῦ
836 3947 1096 4017 Χριστοῦ,
1131 3951 1224 3999 καὶ
1264 3949 1356 4001 τοῦ
1389 3952 1748 4019 Εὑαγγελίου,

178 4032 409 4085 καὶτῶν
449 4031 617 4085 αὐτοῦ
660 4034 975 4086 ἀποστόλων
1011 4034 1351 4102 ἑλέγξαντες,
1388 4040 1513 4102 τοὺς
1548 4042 1613 4093 ἑκ
1651 4042 1750 4112 τῆς

176 4121 459 4191 ὀρθοδόξου
493 4121 726 4184 πίστεως
769 4121 863 4175 ὑπ’
896 4124 1077 4175 αὐτῶν
1122 4124 1208 4177 διὰ
1234 4126 1435 4191 παντὸς
1460 4129 1749 4199 πλανωμὲο

176 4229 299 4276 νους
328 4213 395 4265 ἑκ
428 4213 528 4281 τῆς
555 4211 736 4266 αὐτῶν
760 4213 1015 4277 ἀσεϐείας
1044 4214 1523 4288 ὲλευθερώσωμεν.
1554 4222 1615 4274 Εἰ
1644 4223 1750 4293 γάρ

174 4300 299 4354 οὗτε
351 4302 430 4371 τῷ
484 4302 707 4371 Χριστῷ
748 4305 1067 4357 πιστεύουσι
1111 4309 1238 4376 περὶ
1270 4309 1465 4364 ἑαυτοῦ
1516 4311 1751 4381 λέγοντι,

175 4396 299 4447 οὔτε
333 4399 446 4457 τοῖς
494 4395 917 4463 εὐαγγελισταίς
959 4397 1056 4450 καὶ
1096 4400 1418 4465 ἀποστόλοις
1446 4403 1750 4474 πείθονται,

174 4492 284 4549 τοῖς
334 4486 501 4539 αὑτὸν
553 4489 975 4557 σεσαρκωμένον
1014 4490 1137 4542 καθ’
1188 4492 1335 4560 ἡμᾶς
1368 4494 1747 4565 κηρύττουσιν,

1724 1904 1826 1958 πΒ

1862 661 1989 700 nam
2024 656 2273 699 naturam
2307 645 2358 697 in
2386 644 2504 715 ipso
2532 660 2753 701 servare
2781 646 3105 701 incolumem
3131 666 3143 701 ι
3174 666 3279 706 non
3317 669 3444 709 cor-

1863 753 1961 807 pus
1993 738 2234 806 ejusdem
2266 738 2545 791 nobiscum
2597 739 2941 804 substantiae,
2978 756 3083 794 non
3119 757 3338 798 carnem
3377 762 3443 802 ac

1860 843 2008 892 ossa,
2035 844 2137 883 non
2176 836 2365 897 caput,
2401 842 2505 881 non
2552 844 2739 884 manus
2766 841 2829 883 ac
2861 830 3049 900 pedes,
3080 847 3182 886 non
3212 833 3444 891 hominis

1861 919 2105 990 ﬁguram,
2146 921 2241 973 sed
2278 918 2478 971 factum
2516 918 2838 988 simplicem,
2880 936 2944 974 ac
2974 932 3255 990 expertem
3295 941 3447 980 com-

1861 1011 2181 1081 positionis,
2219 1010 2490 1079 qnomodo
2529 1010 2762 1065 habt-bat
2809 1022 2936 1067 ante
2986 1015 3439 1073 incarnationem.

1858 1104 2032 1173 Atque
2101 1114 2159 1158 ut
2206 1102 2379 1156 tnellis
2440 1112 2533 1156 aut
2593 1103 2731 1156 aceti
2788 1115 2969 1172 gutta,
3030 1109 3201 1163 maris
3252 1109 3449 1179 pelago

1857 1197 2170 1258 commista,
2218 1204 2378 1261 atque
2425 1193 2477 1247 in
2512 1209 2577 1249 co
2609 1209 2807 1257 mersa,
2843 1210 2948 1249 non
3001 1201 3231 1268 amplius
3263 1201 3445 1257 oculis

1858 1294 2148 1364 conspicua
2217 1304 2321 1357 est,
2387 1306 2545 1349 autve
2611 1295 2865 1350 consistit
2922 1313 2935 1350 :
3000 1296 3097 1360 ita,
3166 1298 3439 1369 inquiunt,

1856 1396 1910 1440 et
1958 1387 2100 1455 quod
2155 1386 2406 1441 Christus
2451 1390 2743 1456 assumpsit
2802 1404 3025 1459 corpus,
3063 1391 3345 1447 confusura
3378 1410 3442 1449 ac

1858 1492 2091 1531 mersum
2118 1478 2335 1533 deitatis
2366 1481 2575 1548 pelago,
2606 1478 2747 1532 haud
2785 1480 3044 1550 deinceps
3075 1484 3127 1536 in
3165 1486 3281 1552 ipso
3323 1499 3443 1539 cer-

1859 1570 2024 1633 nitur,
2062 1578 2155 1622 aut
2185 1569 2439 1622 consiSIit
2475 1568 2783 1635 incolume;
2816 1589 2913 1627 nec
2961 1584 3143 1629 servat
3192 1586 3439 1632 naturam

1855 1676 2028 1723 suam,
2053 1669 2143 1713 aut
2164 1659 2546 1727 pt-Opt-ietatem
2576 1662 2787 1716 retinet:
2810 1675 2969 1733 atque
2988 1667 3143 1732 adeo,
3167 1667 3439 1738 inquiunt,

1856 1766 1958 1803 non
1990 1751 2105 1802 dum
2138 1762 2261 1803 sunt
2311 1751 2361 1803 in
2396 1751 2609 1806 Christo
2639 1761 2846 1808 natura:
2891 1754 3108 1811 deitatis
3138 1773 3202 1813 ac
3244 1760 3440 1813 huma-

1856 1842 2065 1901 nitatis,
2097 1842 2188 1894 sed
2225 1858 2325 1893 una
2354 1846 2644 1907 duntaxat,
2675 1853 2782 1898 tota
2811 1846 3046 1901 deitatis.
3068 1847 3247 1914 Quare
3275 1850 3440 1905 etiam

1859 1931 2113 1985 Ecclesiae
2163 1932 2443 1997 catholica:
2494 1934 2832 2002 traditiones,
2879 1951 2943 1992 ac
2996 1938 3202 1995 Christi
3258 1956 3441 1997 sacra-

1857 2031 2197 2083 memorum,
2231 2036 2326 2091 pro
2363 2021 2520 2075 unius
2566 2023 2710 2077 illius
2749 2034 2959 2081 naturae
3005 2028 3237 2094 ratione,
3273 2045 3438 2100 quam

1856 2112 2227 2180 blaspltetnattt
2258 2114 2309 2167 in
2344 2114 2585 2180 Christo,
2635 2126 2932 2183 mutantes,
2968 2119 3220 2175 similiter
3271 2137 3439 2179 novas

1856 2204 2027 2257 moliti
2064 2217 2229 2268 sunt;
2268 2219 2330 2257 ac
2362 2216 2829 2262 sacramentorum
2874 2212 3334 2280 communionem,
3380 2213 3438 2269 id

1853 2310 1959 2362 est,
1992 2314 2147 2367 panis
2198 2300 2546 2365 saetiliciutn,
2578 2303 2667 2371 qui
2698 2312 2782 2357 est
2827 2305 3028 2359 Christi
3079 2322 3230 2370 caro,
3261 2288 3451 2363 haud?

1854 2409 2125 2463 quaquam
2157 2394 2355 2448 Christi
2405 2393 2497 2449 Dei
2528 2411 2726 2466 corpus
2758 2398 3048 2466 appellant,
3076 2400 3151 2454 uti
3178 2399 3436 2459 Christus

1856 2490 1982 2564 ipse.
2004 2487 2161 2553 dixit,
2190 2490 2280 2542 sed
2324 2490 2577 2541 deitatem
2609 2505 2622 2542 :
2654 2491 2826 2560 iisque
2858 2489 3054 2545 fabulis
3086 2508 3150 2549 ac
3179 2495 3435 2566 blasphe-

1855 2580 1978 2632 miis
2019 2579 2152 2642 nixi,
2202 2580 2330 2647 quin
2386 2581 2565 2647 potius
2619 2595 2718 2634 ceu
2770 2581 3129 2637 arundinenm
3181 2585 3431 2642 baculum

1853 2670 1954 2723 sibi
1991 2670 2333 2734 adhibentes,
2376 2669 2636 2739 unigeniti
2678 2670 2799 2725 Filii
2842 2673 2937 2726 Dei
2968 2674 3431 2743 incarnationem,

1854 2774 2015 2827 quam
2086 2769 2353 2827 quaterna
2410 2759 2701 2829 Evangelia
2754 2763 3084 2833 ostendunt,
3137 2780 3434 2839 omnesque

1858 2851 2083 2923 apostoli
2119 2858 2241 2906 cum
2270 2851 2492 2907 deiteris
2520 2852 2769 2909 Patribus
2799 2858 3120 2926 praedicant,
3152 2858 3187 2913 ii
3216 2861 3435 2930 penitus

1858 2955 2055 3013 negant
2087 2939 2251 3013 altiue
2286 2952 2560 3000 evertunt.

1930 3205 2019 3262 Ill.
2062 3207 2325 3273 Quocirca
2378 3222 2502 3271 nos,
2550 3223 2656 3261 non
2694 3216 2948 3278 tanquam
2986 3211 3257 3281 corrigpre
3304 3214 3434 3269 veli-

1857 3316 2008 3365 mus,
2069 3300 2141 3353 ita
2203 3301 2526 3367 scribimus;
2582 3316 2705 3353 nam
2766 3317 2867 3355 nec
2917 3303 3089 3372 angeli
3141 3308 3434 3363 emendare

1854 3394 2089 3461 possint.
2121 3392 2223 3459 Qui
2260 3391 2403 3446 enim
2436 3408 2535 3446 nec
2560 3392 2660 3461 ipsi
2701 3392 2921 3447 Christo
2953 3395 3041 3448 Dei
3091 3393 3226 3450 Filio
3252 3396 3434 3452 incar-

1855 3495 2004 3549 nato,
2056 3484 2283 3554 ejusque
2345 3484 2694 3553 evangelistis
2753 3500 2817 3539 ac
2869 3488 3130 3554 apostolis
3179 3490 3432 3558 credunt,

1854 3578 2037 3647 utique
2067 3592 2165 3631 nec
2211 3576 2303 3630 ulli
2346 3576 2435 3629 alii
2484 3585 2699 3630 terreno
2745 3577 2975 3642 doctori,
3001 3586 3181 3633 ‘autve
3219 3581 3430 3637 cmlesti

1851 3669 2041 3740 angelo
2069 3670 2372 3732 credentes,
2408 3667 2566 3721 ﬁdem
2594 3667 2704 3722 sint
2732 3668 2991 3734 habituri,
3023 3686 3087 3723 ac
3114 3673 3195 3727 eis
3225 3688 3429 3728 morem

1852 3760 2054 3830 gesturi
2082 3776 2095 3812 :
2128 3762 2223 3813 sed
2256 3768 2313 3813 ut
2349 3773 2535 3812 eorum
2569 3759 2904 3828 impietatem
2954 3774 3018 3814 ac
3060 3760 3111 3814 in
3151 3760 3430 3818 Christum

1855 3851 2076 3905 hostiles
2120 3850 2353 3914 animos,
2408 3865 2473 3903 ex
2529 3850 2649 3918 ipso
2714 3850 2957 3916 Christo,
3008 3865 3071 3906 ac
3118 3852 3427 3923 Evangelio,

1852 3941 2077 4009 ejusque
2108 3942 2373 4009 apostolis
2403 3950 2783 4010 coarguentes,
2830 3958 2967 4012 quos
3013 3943 3089 3998 illi
3133 3946 3199 4000 de
3242 3947 3431 4000 ortho-

1852 4034 2116 4087 doxorum
2148 4033 2348 4087 castris
2381 4034 2433 4085 in
2468 4048 2709 4087 errorem
2739 4034 3018 4103 impellere
3047 4052 3152 4091 non
3187 4048 3428 4105 cessant,

1852 4125 1921 4178 ab
1974 4138 2163 4178 eorum
2212 4124 2489 4193 impietate
2541 4124 2853 4181 liberemus.
2915 4124 3050 4180 Cum
3115 4128 3261 4183 enim
3328 4145 3429 4185 nec

1845 4216 2065 4271 Christo
2093 4219 2159 4271 de
2191 4232 2249 4272 sc
2276 4218 2511 4286 loquenti
2550 4218 2796 4282 credant,
2839 4234 2938 4273 nec
2982 4220 3332 4290 evangelistis
3363 4237 3429 4277 ac

1852 4310 2112 4378 apostolis
2150 4309 2541 4379 obsequantur,
2576 4310 2667 4379 qui
2704 4324 2826 4363 eum
2872 4312 3028 4366 nobis
3068 4314 3297 4368 similem
3338 4315 3431 4369 in-

1852 4410 2133 4454 carnatum
2171 4400 2500 4469 pradicant;
2530 4414 2630 4454 nec
2661 4401 2867 4455 sanctis
2898 4415 2963 4456 ac
3000 4402 3220 4459 tteil'eris
3253 4403 3431 4460 Patri-

1853 4491 1952 4545 bns
1989 4493 2361 4561 acquiescant,
2392 4494 2481 4560 qui
2516 4492 2581 4546 iis
2615 4507 2871 4557 consone,
2910 4495 3208 4564 perlectum
3261 4497 3428 4551 Deum

175 4582 297 4631 οὗτε
322 4581 436 4641 τοῖς
467 4578 643 4646 ἁγίοις
670 4579 766 4633 καὶ
793 4579 1069 4650 θεοφόροις
1095 4583 1371 4654 Πατράσιν
1397 4587 1750 4656 ἀρέσκονται,

1859 4598 1919 4636 ac
1945 4584 2246 4651 perfectum
2280 4584 2573 4649 hominem,
2601 4584 2653 4637 iu
2685 4585 2897 4639 duabus
2930 4587 3185 4655 perfectis
3220 4589 3431 4643 naturis

178 4672 283 4730 τοῖς
320 4668 629 4737 σαμφῶνως
659 4670 863 4724 τέλειον
889 4672 1045 4736 Θεὸν,
1079 4673 1172 4725 καὶ
1205 4674 1408 4728 τέλειον
1440 4680 1749 4749 ἄνθρωπον,

177 4763 232 4812 ἑν
262 4760 359 4812 δύο
408 4760 643 4823 τελείαις
693 4763 888 4830 φύσεσι
935 4764 1025 4817 τὸν
1064 4766 1302 4835 Χριστὸν
1345 4768 1699 4838 ὁμολογοῦσιν
1733 4791 1749 4806 ο

177 4853 298 4907 οὗτε
346 4855 404 4908 δὲ
451 4857 571 4917 ταῖς
627 4856 784 4919 ἰδίαις
832 4859 1039 4910 ἑαυτῶν
1096 4866 1498 4931 πανηγυρικαῖς
1547 4866 1752 4936 βίϐλοις

177 4945 515 5009 πιστεύουσι,
549 4945 642 4998 δύο
671 4946 885 5015 φύσεις,
917 4949 1011 5001 καὶ
1040 4948 1133 5003 δύο
1168 4952 1451 5020 ἐνεργείας
1480 4956 1570 5009 ἐπὶ
1612 4957 1748 5025 Χρι-

179 5037 305 5090 στοῦ
365 5038 773 5105 διδασκούσαις,
827 5039 1009 5103 καθὼς
1065 5044 1328 5112 μυριάκις
1388 5047 1752 5119 ὑπεδείξαμεν

175 5132 360 5192 αὐτοῖς
393 5131 457 5182 ἑκ
482 5130 591 5183 τῶν
624 5131 772 5185 ίδίων
811 5133 990 5186 αὐτῶν
1030 5133 1272 5203 βιϐλίων,
1308 5138 1404 5191 καὶ
1435 5142 1502 5210 τῇ
1554 5141 1753 5211 Ἀρμε-

173 5222 299 5274 νίων
325 5221 589 5292 διαλέκτῳ
608 5224 1030 5292 γεγραμμένων,
1057 5225 1170 5288 πῶς
1197 5228 1298 5281 οὐκ
1326 5229 1432 5282 εἰσὶ
1462 5232 1753 5301 προφανῶς

175 5314 691 5383 χριστομὰχοιηκαὶ
736 5316 1053 5385 Μανιχαῖοι,
1103 5318 1232 5388 μίαν
1274 5322 1436 5390 φύσιν
1490 5326 1584 5379 καὶ
1625 5327 1753 5397 μίαν

175 5410 457 5479 ἐνέργειαν
488 5410 545 5461 ἐν
577 5408 798 5480 Χριστῴ
827 5409 1275 5481 βλασφημοῦντες
1298 5418 1374 5487 (5)
1406 5416 1503 5489 τὴν
1533 5419 1749 5492 σαρκω-

172 5519 292 5567 an;
338 5503 401 5554 Et
431 5502 559 5572 γὰρ,
592 5504 728 5557 ἄλλα
768 5504 866 5576 μὲν
888 5504 918 5557 ὁ
945 5507 1180 5578 Χριστὸς
1211 5509 1455 5564 διδάσκει
1499 5514 1628 5585 περὶ
1659 5514 1749 5567 αὕ-

164 5596 287 5654 τοῦ,
326 5597 419 5646 καὶ
448 5594 496 5645 οἱ
547 5594 958 5663 εὐαγγελισταὶ,
1010 5598 1101 5650 καὶ
1130 5599 1179 5651 ot
1221 5598 1528 5664 ἀπόστολοι,
1575 5602 1669 5654 καὶ
1698 5602 1746 5655 ot

171 5689 317 5748 ἅγιοι
350 5687 622 5757 Πατέρες’
655 5681 809 5741 οὗτοι
835 5688 893 5743 δὲ
930 5688 1096 5762 ἔτερα
1124 5691 1343 5749 ἑναντία
1376 5693 1473 5749 τοῦ
1504 5694 1745 5767 Χριστοῦ

243 5813 319 5875 ('1)
363 5812 504 5884 Lege
537 5815 565 5868 ὃ
595 5817 849 5885 Χριστός.

244 5886 320 5952 (5)
367 5889 521 5940 Deest
552 5890 709 5956 μετὰ.

1854 4673 2125 4728 Christum
2181 4675 2543 4729 conﬁtentur:
2591 4691 2655 4730 ac
2702 4692 2800 4731 nec
2849 4678 3083 4748 pr0priis
3117 4693 3303 4734 eorum
3349 4680 3429 4751 (ι)

1852 4766 2060 4820 festivis
2087 4767 2239 4821 libris
2273 4768 2507 4821 habeant
2537 4768 2715 4831 tidem,
2770 4769 2966 4837 quibus
3008 4770 3143 4822 duae
3184 4781 3427 4837 naturas,

1854 4874 1918 4913 ac
1961 4859 2094 4912 duas
2139 4860 2481 4926 operationes
2531 4858 2583 4911 iu
2642 4858 2860 4913 Christo
2909 4858 3192 4922 docentur,
3227 4861 3304 4914 uti
3356 4877 3428 4916 ex

1856 4952 2045 5007 iisdem
2086 4953 2219 5023 ipsis
2246 4950 2398 5005 libris
2429 4950 2608 5020 lingua
2642 4950 2929 5005 Armenica
2960 4952 3200 5021 scriptis,
3233 4951 3430 5008 millies

1851 5044 1957 5099 illis
2003 5045 2387 5114 probavimus;
2436 5045 2705 5113 quomodo
2739 5057 2848 5097 non
2894 5043 3181 5113 perspicue
3222 5043 3428 5099 Christi

1852 5139 2037 5193 hostes
2059 5149 2186 5191 sunt
2212 5152 2274 5190 ac
2304 5133 2607 5199 Marticluci,
2639 5134 2731 5201 qui
2766 5149 2926 5187 unam
2957 5143 3211 5188 naturam
3242 5148 3429 5187 unam-

1849 5245 1957 5300 que
2011 5232 2382 5300 operationem
2435 5228 2489 5281 in
2554 5226 2768 5281 Christo
2818 5236 2941 5296 post
2996 5226 3426 5282 incarnationem

1852 5322 2273 5393 blasphement?
2327 5320 2607 5390 Siquidem
2658 5320 2846 5387 enim,
2899 5320 3147 5376 Christus
3206 5319 3428 5389 quidem

1854 5420 1971 5487 ipse
2021 5419 2125 5471 alia
2178 5419 2246 5471 de
2294 5417 2495 5487 seipso,
2547 5429 2612 5469 ac
2663 5414 3005 5482 evangelistze
3057 5427 3121 5467 ac
3170 5411 3425 5483 apostoli,

1853 5511 2136 5581 sanctique
2171 5509 2359 5563 Patres
2393 5513 2625 5574 docent;
2656 5508 2707 5562 hi
2729 5517 2907 5561 autem
2934 5504 3062 5569 alia,
3102 5505 3343 5569 Christo,
3372 5512 3429 5559 et

1854 5603 2200 5675 evangelistis
2270 5617 2333 5657 ac
2404 5601 2665 5671 apostolis
2729 5600 3004 5654 contraria
3035 5598 3427 5667 loquunturac

1853 5696 2175 5766 pradicant,
2207 5709 2327 5764 qua:
2350 5708 2524 5763 neque
2549 5692 2826 5755 Christus,
2860 5704 3033 5761 neque
3055 5689 3421 5761 evangelista,

1915 5824 1993 5897 (ι)
2039 5823 2245 5895 Potius,
2278 5826 2520 5884 omnium
2549 5825 2805 5884 manibus
2837 5824 2999 5881 tritis.
