4194 6444
740 391 875 453 1163
1798 399 2050 461 ΙΞΛΑΟῙ
2086 402 2460 464 ARMENLE
2499 401 2899 463 CATHOLICI
3856 407 3994 472 1164

737 502 1017 571 Siquidem
1042 504 1184 558 enim
1214 504 1330 573 ejus
1358 518 1570 575 quoque
1601 518 1728 560 caro
1753 506 1891 561 facta
1928 509 2148 565 deitatis
2170 522 2304 574 erat,
2337 514 2383 573 Α

2342 514 2383 573 Α
2411 512 2594 566 ὀστέα
2617 514 2727 566 οὐκ
2754 513 2879 581 ἔχει
2914 509 3107 576 καθὼς
3140 511 3244 579 ἐμὲ
3278 513 3551 581 θεωρεῖτε
3577 517 3800 584 ἔχοντα
3822 534 3843 583 ;
3871 521 3998 572 Ἐάν

737 594 912 659 palam
962 603 1042 646 est
1099 608 1203 645 non
1252 592 1419 648 fuisse
1467 609 1707 657 carnem,
1744 598 1837 648 sed
1890 599 2142 667 spiritum
2194 601 2312 653 sine

2414 605 2523 671 γάρ
2551 604 2645 655 καὶ
2670 606 2701 673 ἡ
2738 603 2875 672 σὰρξ
2908 601 3078 655 αὐτοῦ
3110 603 3363 672 θεότητος
3388 606 3603 672 γέγονε,
3663 609 3892 678 εῦδηλον
3920 614 3998 665 ὅτι

737 682 998 748 materia,
1055 697 1119 737 ac
1180 685 1349 753 ignem
1398 696 1817 749 consumentem,
1858 692 2309 756 quemadmodum

2412 697 2513 748 οὐκ
2543 691 2610 765 ἦν
2637 695 2796 765 σὰρξ,
2832 695 2967 748 ἀλλά
2996 694 3211 765 πνεῦμα
3245 697 3406 750 ἀῠλον
3448 701 3541 751 καὶ
3580 702 3701 768 πῦρ
3738 719 3995 756 κειται-α.

736 776 996 830 Dominus
1022 776 1201 841 docet,
1234 777 1439 840 dicens.
1472 777 1703 846 Spiritus
1721 788 1799 832 est
1832 780 1968 834 Deus
1991 783 2035 835 ⁷.
2066 782 2305 837 Dicendo

2411 788 2653 851 .llcrxor,
2696 786 2880 851 καθὼς
2916 788 2945 839 ὁ
2973 787 3179 857 Κύριος
3214 789 3461 843 διδάσκει
3511 790 3721 858 λέγων·
3758 799 3996 864 Πνειτμα

731 874 914 921 autemr
969 866 1248 935 aposmlis,
1274 881 1491 921 carnem
1533 882 1592 921 se
1634 883 1697 923 ac
1732 884 1856 924 ossa
1891 871 2114 937 habere,
2142 882 2306 942 atque

2414 883 2446 933 ό
2474 881 2637 951 θεός.
2686 880 2872 932 Εἰπὼν
2894 880 2950 933 δὲ
2984 882 3095 942 τοῖς
3127 880 3470 946 ἀποστόλοις,
3512 884 3691 952 σάρκα
3728 885 3877 951 ἔχειν
3906 890 3996 940 καὶ

734 962 785 1014 in
823 961 1013 1029 primis
1036 970 1317 1030 postquam
1366 962 1775 1023 resurrexisset.
1807 964 1927 1031 ejus
1970 979 2065 1018 eos
2108 979 2311 1035 negan-

2412 972 2569 1035 ὀστᾶ,
2622 971 2717 1023 καὶ
2775 972 3008 1040 μάλιστα
3067 971 3205 1042 μετὰ
3247 972 3347 1041 τὴν
3386 975 3707 1040 ἀνάστασιν,
3758 977 3992 1030 δείκνυσι

734 1063 813 1105 tes
838 1067 1078 1117 carnem,
1117 1066 1176 1105 ac
1210 1051 1411 1105 Christi
1451 1056 1653 1118 hostes,
1690 1058 1945 1109 ostendit.

2411 1064 2635 1127 τούτους
2664 1054 2907 1134 ἀρνητάς
2947 1065 3045 1134 τῆς
3083 1064 3278 1118 ἑαυτοῦ
3318 1065 3520 1135 σαρκὸς
3562 1070 3653 1119 καὶ
3695 1072 3992 1139 χριστομά-

2412 1173 2507 1223 χου
2526 1174 2559 1211 ⁸.

798 1246 890 1301 IX.
931 1246 1067 1302 Cum
1111 1260 1243 1315 ergo
1283 1246 1684 1301 sanctissimum
1719 1246 1920 1301 Christi
1980 1264 2176 1317 corpus
2207 1264 2305 1302 nec

2480 1246 2555 1299 Θ’.
2600 1248 2661 1298 El
2714 1248 2807 1301 οὖν
2863 1248 2925 1301 τὸ
2986 1250 3254 1316 πανάγιον
3324 1249 3483 1318 σῶμα
3552 1250 3814 1317 Χριστοῦ,
3871 1253 3990 1304 οὔτε

728 1352 988 1393 a-ternum
1022 1339 1113 1401 sit,
1141 1354 1237 1392 nec
1270 1338 1415 1391 Patri
1439 1347 1788 1403 comternum,
1816 1350 1903 1391 aut
1934 1340 2139 1409 pariter
2154 1356 2302 1395 sem-

2416 1340 2653 1409 ἀναρχόν
2675 1342 2842 1403 ἐστιν,
2878 1341 3001 1392 οὔτε
3032 1343 3369 1411 συνάναρχον
3395 1342 3474 1413 τῷ
3494 1344 3687 1411 Πατρὶ.
3712 1345 3839 1397 οὔτε
3872 1364 3992 1396 συν-

728 1432 1022 1501 piternum,
1054 1445 1150 1483 nec
1174 1430 1497 1493 incrcatum,
1527 1443 1626 1483 nec
1656 1430 1760 1483 tale
1780 1440 1833 1482 ut
1865 1442 2097 1499 nequeat
2129 1432 2299 1485 iideri

2414 1430 2607 1491 αῒδιον,
2662 1428 2788 1482 οὔτε
2827 1431 3103 1495 ἄκτιστον,
3140 1420 3263 1483 οὔτε
3299 1432 3538 1496 αἰώνιον,
3570 1434 3695 1486 οὔτε
3740 1437 3989 1505 ἀόρατον,

726 1525 923 1591 oculis,
954 1539 1051 1577 nec
1074 1523 1473 1585 circumscribi,
1515 1536 1689 1591 neque
1722 1521 1951 1590 palpari,
2009 1536 2109 1574 nec
2151 1537 2301 1591 aspe-

2408 1520 2530 1572 οὕτε
2561 1520 2995 1592 ἀπερίγραπτον,
3019 1522 3142 1575 οὔτε
3162 1523 3552 1594 ⁸ἀψηλάφητον,
3573 1525 3697 1577 οὔτε
3731 1529 3988 1589 ἀθέατον,

728 1618 883 1678 clari,
918 1630 1016 1669 nec
1050 1614 1297 1685 ﬁgurari,
1344 1631 1441 1669 nec
1486 1616 1555 1667 sit
1588 1615 1831 1682 spiritus,
1860 1614 1948 1684 qni
1995 1614 2191 1667 caelum
2241 1632 2303 1668 ac

2406 1609 2529 1662 οὔτε
2556 1612 2982 1680 ἀσχημάτιστον,
3014 1612 3139 1666 οὔτε
3159 1615 3375 1683 πνεῦμα
3399 1616 3489 1668 τὸν
3524 1617 3753 1686 οὐρανὸν
3782 1620 3878 1671 καὶ
3895 1620 3990 1689 τὴν

728 1716 931 1758 terrain
976 1705 1217 1774 impleat,
1255 1704 1327 1755 uti
1386 1702 1607 1757 deitas:
1663 1719 1761 1757 nec
1810 1708 1878 1759 sit
1910 1707 2161 1776 simplex,
2202 1722 2301 1761 nec

2408 1704 2511 1770 γῆν
2539 1702 2799 1771 πληροῦν,
2829 1704 2941 1755 ἀλλ’
2971 1706 3003 1773 ἡ
3026 1704 3215 1770 θεότης
3244 1720 3260 1735 ·
3286 1704 3408 1759 οὗτε
3430 1706 3655 1770 ἁπλοῦν,
3675 1706 3798 1759 οὔτε
3829 1710 3986 1760 ἀσύν-

730 1812 929 1853 vacans
980 1797 1395 1867 compOsiiione,
1430 1811 1603 1864 neque
1637 1796 1841 1865 angelis
1876 1813 1939 1852 ac
1988 1798 2301 1852 hominihns
2339 1854 2377 1869 ἢ

2339 1854 2377 1869 ἢ
2410 1794 2582 1856 θετον,
2598 1794 2722 1846 οὔτε
2742 1794 2970 1847 ἀθέατον
2986 1795 3240 1862 ἀγγέλοις
3265 1798 3361 1850 καὶ
3385 1797 3712 1867 ἀνθρώποις,
3732 1798 3857 1850 οὕτε
3880 1799 3988 1869 πῦρ

727 1854 1133 1960 ἰηιιερεειεϋίιέ,
1184 1903 1356 1958 neque
1407 1854 1547 1957 ignis
1592 1854 1968 1943 consumens:
2032 1889 2300 1957 quomodo
2338 1854 2377 1907 Β

2338 1854 2377 1907 Β
2405 1888 2803 1943 καταναλίσκον
2828 1906 2843 1921 ⁸
2881 1889 2999 1953 πῶς
3024 1890 3186 1958 φύσει
3216 1891 3411 1962 θεότης
3439 1854 3609 1958 ἐστὶν,
3638 1896 3712 1957 ὡς
3735 1898 3783 1949 οἱ
3833 1854 3986 1950 Ἀκέἰ

725 1993 921 2035 natura
957 1981 1128 2035 deitas
1150 1991 1254 2045 est,
1292 1980 1368 2033 uti
1406 1979 1658 2046 Acephali
1690 1979 2000 2048 nttganlur?
2025 1978 2298 2044 Quemad-

2404 1981 2564 2049 φαλοι
2613 1982 2987 2052 φλυαροῦσινς
3025 1983 3239 2053 Ὠσπερ
3272 1985 3381 2054 γὰρ
3412 1988 3585 2055 Λόγος
3610 1989 3746 2058 σὰρξ
3773 1992 3988 2056 ἐγένετο

728 2076 943 2128 modum
976 2074 1119 2128 enim
1158 2071 1396 2126 Verbum
1424 2085 1551 2123 caro
1586 2070 1787 2123 factum
1829 2058 1911 2124 esi
1942 2070 2301 2125 immutabili-

2403 2072 2709 2141 ἀτρέπτως,
2759 2074 2818 2125 οὑ
2859 2074 3185 2143 μεταϐαλὼν
3234 2076 3335 2146 τὴν
3380 2078 3577 2131 ἑαυτοῦ
3627 2080 3863 2151 θεότητα
3909 2083 3987 2145 είς

729 2173 832 2225 ter,
868 2161 1000 2216 nihil
1053 2160 1167 2229 ejus
1209 2160 1261 2213 in
1292 2173 1511 2213 carnem
1552 2159 1823 2213 denmtata
1874 2159 2075 2214 deitate
2122 2178 2134 2214 :
2169 2161 2299 2229 quin

2406 2164 2623 2229 σάρκα·
2672 2164 2813 2218 ἀλλά
2873 2165 3008 2228 Θεὸς
3068 2167 3360 2235 ἀτρέπτως
3410 2169 3649 2239 διέμεινε
3702 2173 3797 2224 καὶ
3849 2172 3986 2240 μετά

725 2261 848 2322 post
890 2252 1051 2306 etiam
1100 2250 1526 2305 incarnationem
1578 2251 1785 2318 absque
1829 2249 1934 2303 ulla
1992 2251 2295 2304 mutatione

2405 2253 2716 2324 aipxwatv'
2748 2252 2894 2306 οὕτω
2927 2257 3019 2307 καὶ
3068 2256 3101 2326 ἡ
3140 2256 3277 2325 σὰρξ
3316 2260 3482 2311 αὐτοῦ
3520 2260 3783 2314 θεωθεῖσα
3820 2262 3982 2333 ἀτρὲ-

728 2342 871 2397 Deus
898 2341 1261 2410 perseveravit
1288 2357 1301 2393 :
1341 2339 1420 2393 sic
1443 2352 1657 2407 quoque
1682 2338 1800 2405 ejus
1827 2352 1956 2392 caro
1985 2339 2295 2393 immutabi-

2404 2357 2551 2406 πτως
2588 2345 2681 2396 καὶ
2720 2344 3141 2414 ἀμεταδλήτως,
3178 2346 3276 2415 τῆς
3312 2347 3445 2409 ἰδίας
3475 2348 3691 2415 φύσεως
3726 2354 3823 2404 καὶ
3859 2354 3987 2405 ἰδιό-

724 2430 849 2485 liter
876 2429 1131 2499 nulloque
1161 2429 1363 2482 amisso
1392 2426 1664 2489 deiﬂcata,
1695 2426 2115 2495 haudquaquam
2144 2428 2294 2481 excio

2402 2450 2565 2501 τητος
2589 2434 2691 2486 οὐκ
2722 2436 2960 2503 ἐτράπη,
2994 2435 3118 2489 οὔτε
3160 2437 3239 2499 είς
3261 2438 3424 2506 φύσιν
3465 2439 3717 2508 θεότητος
3747 2442 3987 2511 μεταόἐο

725 2524 805 2580 dit
853 2538 882 2577 a
927 2533 1116 2577 natura
1168 2535 1264 2575 sua
1312 2532 1377 2573 ac
1419 2518 1773 2587 pr0prietate,
1812 2526 1904 2570 ant
1948 2518 2003 2570 in
2050 2529 2298 2571 naturam

2404 2527 2624 2597 ὄληται.
2690 2530 2801 2583 Καὶ
2854 2530 2943 2581 διὰ
2988 2529 3171 2593 τοῦτο,
3218 2531 3351 2585 Θεὸν
3408 2534 3500 2585 καὶ
3554 2534 3844 2604 ἄνθρωπον
3896 2536 3984 2587 τὸν

725 2612 939 2671 deitatis
970 2624 1231 2666 conversa
1266 2618 1369 2663 est.
1418 2607 1494 2662 Ac
1544 2607 1746 2659 idcirco
1791 2604 2090 2667 Christum,
2134 2607 2297 2660 Deum

2404 2619 2639 2688 Χριστὸν
2680 2622 2738 2671 ὲν
2768 2621 2861 2673 δύο
2893 2621 3091 2689 φύσεσι
3115 2625 3209 2675 καὶ
3238 2624 3549 2691 ἐνεργείαις
3573 2624 3665 2677 ml.
3690 2605 3983 2693 θελήμασι,

725 2721 791 2760 ac
817 2704 1089 2759 hominem
1136 2700 1189 2755 in
1230 2699 1439 2755 duabus
1472 2699 1683 2752 naturis
1712 2710 1763 2751 et
1790 2698 2203 2765 operationibus
2234 2713 2299 2751 ac

2403 2713 2605 2775 πάντες
2644 2712 2694 2764 οἱ
2730 2713 2876 2780 ἆγιοι
2903 2713 3072 2766 αὐτοῦ
3102 2714 3430 2782 ὁμολογοῦσι
3461 2713 3556 2768 καὶ
3594 2716 3982 2784 κηρύττουσιν.

729 2797 1112 2857 voluntatibus,
1153 2792 1269 2860 ejus
1302 2804 1492 2845 omnes
1528 2789 1703 2844 sancti
1750 2788 2076 2844 conﬁtentur
2137 2797 2301 2857 atque

2405 2806 2467 2859 Εί
2502 2805 2559 2857 δὲ
2598 2806 2735 2877 σάρξ
2781 2805 2948 2858 αὐτοῦ
3000 2808 3080 2867 είς
3115 2806 3278 2873 φύσιν
3326 2804 3581 2874 θεότητος
3634 2808 3982 2876 μετετράπη.

725 2887 1040 2957 praedicant.
1070 2883 1223 2950 Quod
1252 2882 1298 2936 si
1340 2881 1459 2949 ejus
1497 2893 1624 2933 caro
1674 2878 1729 2932 in
1795 2890 2042 2931 naturam
2084 2878 2299 2931 deitatis

2406 2894 2716 2965 πρόδηλον,
2784 2895 2869 2947 ὅτι
2914 2897 2941 2947 ὁ
2996 2895 3231 2965 Χριστὸς
3279 2895 3484 2959 τέλειος
3548 2896 3837 2965 ἄνθρωπος
3896 2898 3983 2950 καὶ

725 2982 826 3035 [nit
861 2986 1083 3043 mutata,
1135 2975 1474 3045 perspicuum
1522 2981 1622 3036 est,
1671 2986 1775 3025 non
1820 2985 1979 3041 posse
2018 2969 2298 3025 Christum

1840 2985 1979 3025 "isse
2018 2969 2298 3025 (Πιτῖδιιηη
2401 2987 2686 3053 ὁμοούσιος
2704 2987 2740 3056 ἢ
2752 2988 2844 3056 μίν
2873 2987 2936 3039 οὐ
2959 2986 3184 3039 δύναται
3221 2988 3496 3054 λέγεσθαι.

722 3072 831 3126 dici
862 3070 1159 3139 perfectum
1184 3067 1483 3129 hominem,
1504 3079 1567 3117 ac
1592 3064 1832 3133 ejusdem
1863 3063 2145 3117 nobiscum
2170 3064 2297 3117 sub-

727 3165 959 3219 stantiae.
1586 3190 1596 3205 ,
2328 3186 2371 3243 c

798 3258 863 3311 Χ.
905 3257 1036 3311 Cum
1067 3254 1131 3308 de
1169 3267 1265 3307 sua
1301 3252 1516 3320 quidem
1564 3250 1762 3304 dcitate
1810 3246 2068 3301 Dominus
2104 3247 2248 3302 dicat
2284 3265 2294 3296 :

2478 3258 2531 3311 l'.
2574 3257 2708 3327 Περὶ
2740 3256 2839 3324 μὲν
2868 3256 2965 3323 τῆς
2992 3254 3159 3308 αὑτοῦ
3189 3255 3442 3323 θεότητος
3472 3254 3657 3321 λέγει·
3715 3255 3865 3322 Ἐγὼ
3888 3256 3982 3308 καὶ

726 3349 839 3420 Ego
862 3360 910 3403 et
945 3346 1107 3399 Pater
1130 3360 1288 3398 unum
1323 3357 1526 3405 sumus,
1566 3340 1635 3395 de
1681 3352 1845 3394 carne
1879 3348 2059 3392 autem
2090 3353 2185 3392 sua
2220 3339 2302 3393 di-

2408 3351 2441 3403 ό
2472 3350 2675 3416 Πατὴρ
2704 3348 2773 3401 ἓν
2804 3348 3013 3416 ἐσμεν.
3052 3348 3191 3418 Περὶ
3220 3346 3276 3400 δὲ
3310 3348 3410 3415 τῆς
3447 3348 3649 3416 σαρκὸς
3678 3346 3849 3401 αὐτοῦ
3887 3366 3982 3415 φη-

724 3452 810 3495 cat
848 3457 862 3494 :
896 3437 1053 3492 Pater
1074 3452 1240 3500 meus,
1272 3433 1444 3502 major
1483 3448 1561 3485 me
1596 3442 1671 3485 est
1706 3430 1751 3492 ⁸,
1793 3430 1884 3483 Dei
1910 3439 2087 3483 autem
2118 3429 2302 3485 hostes

2407 3460 2490 3495 σιν
2522 3458 2535 3471 ·
2575 3442 2638 3493 ’0
2693 3439 2895 3507 Πατήρ
2935 3456 3055 3506 μου
3102 3437 3313 3507 μείζων
3352 3440 3470 3507 μού
3512 3441 3642 3491 ἐστι
3666 3456 3683 3471 ο
3720 3441 3813 3493 καὶ
3839 3435 3984 3493 οὗτοι

723 3528 965 3584 Armenii
989 3528 1068 3592 hi,
1101 3526 1152 3578 in
1181 3524 1431 3585 scelesta,
1466 3537 1531 3574 ac
1567 3518 1925 3583 exsecranda,
1960 3517 2301 3587 blasphema-

2402 3536 2458 3588 δὲ
2490 3537 2536 3587 οἱ
2566 3534 2827 3603 θεομάχοι
2869 3532 3168 3601 Ἀρμένιοι,
3192 3533 3250 3583 ὲν
3280 3532 3344 3600 τῇ
3373 3531 3544 3599 μικρᾷ
3575 3530 3671 3582 καὶ
3706 3529 3974 3599 βδελυκτῇ

722 3636 827 3692 que
856 3633 1041 3675 eorum
1099 3618 1324 3685 synodo,
1354 3627 1517 3683 quam
1554 3610 1822 3673 fecerunt,
1859 3608 1915 3662 in
1962 3608 2072 3663 Deo
2111 3609 2299 3663 odibili

2406 3629 2498 3681 καὶ
2550 3626 2861 3696 βλασφήμῳ
2909 3623 3092 3677 αὐτῶν
3135 3614 3362 3692 συνόδῳ,
3403 3623 3469 3689 τῇ
3519 3622 3792 3695 γενομένῃ
3826 3626 3883 3677 ὲν
3919 3626 3980 3691 τῇ

721 3728 910 3769 eorum
939 3711 1080 3774 loco,
1112 3723 1273 3778 quem
1312 3704 1481 3759 Tiben
1510 3704 1795 3758 Armenice
1828 3713 2040 3766 vocant,
2070 3704 2124 3755 in
2163 3704 2304 3756 hunc

2406 3719 2693 3785 θεοστυγεί
2742 3715 2923 3770 αὐτῶν
2966 3713 3143 3785 χώρᾳ,
3194 3716 3263 3783 τῇ
3316 3712 3626 3782 καλουμένῃ
3673 3714 3986 3782 Ἀρμενιττὶ

725 3808 943 3860 modum
995 3817 1090 3873 per
1131 3800 1531 3856 contentionem
1592 3796 1875 3849 sanxerint
1930 3811 1944 3852 ;
2001 3813 2020 3846 ι
2065 3795 2121 3850 Si
2181 3796 2303 3863 Quis

2406 3810 2597 3879 Τιόὴν,
2640 3808 2935 3881 ἐριστικῶς
2975 3807 3381 3877 ἐπιγράφοντες
3410 3805 3663 3873 λέγουσιν
3687 3822 3702 3837 ο
3747 3824 3766 3856 ι
3813 3806 3883 3858 Εἴ
3906 3824 3985 3868 τις

723 3898 922 3955 Christi
957 3910 1197 3959 carnem,
1226 3893 1488 3962 aequalem
1521 3889 1665 3942 Patri
1713 3889 1971 3943 deitatem
2007 3903 2113 3941 non
2151 3889 2301 3941 dixe-

2405 3904 2463 3954 οὐ
2506 3902 2653 3968 λέγει
2702 3901 2801 3970 τὴν
2842 3903 3021 3970 σάρκα
3068 3896 3163 3951 τοῦ
3223 3897 3464 3967 Χριστοῦ
3528 3898 3643 3949 ῐσον
3686 3896 3767 3965 τῷ
3815 3898 3982 3965 Dato!

724 3994 820 4056 rit,
870 3990 1157 4044 anathema
1201 3986 1307 4053 sit;
1346 4004 1364 4036 ι
1416 3984 1508 4053 qui
1556 4000 1661 4037 non
1715 3982 1890 4052 palam
1953 3981 2046 4035 Dei
2118 3983 2303 4036 hosms

2406 3995 2655 4063 θεότητα,
2692 3992 2939 4061 ἀνάθεμα
2964 3992 3103 4044 ἔστω
3128 3991 3194 4059 ’ξι
3232 3992 3351 4053 πῶς
3378 3990 3480 4043 οὐκ
3519 3992 3631 4042 εἰσὶ
3692 3991 3982 4059 προφανῶς

725 4086 874 4149 sint,
931 4098 994 4137 ac
1049 4098 1078 4135 a
1135 4090 1243 4136 tota
1286 4080 1447 4133 alieni
1498 4078 1937 4139 ehristianitate,
1976 4074 2065 4143 qui
2118 4088 2304 4143 aperte

2407 4085 2667 4155 θεομάχοι
2724 4085 2817 4137 καὶ
2866 4082 3229 4154 ἀχριστίανοι,
3276 4082 3368 4134 τὸν
3413 4081 3650 4151 Χριστὸν
3691 4084 3983 4149 προςακῶς

724 4179 995 4233 Christum
1038 4189 1103 4228 ac
1121 4173 1235 4244 ejus
1259 4170 1548 4242 discipulos
1572 4167 2077 4223 anathematizent?
2106 4165 2297 4219 Videte

2406 4176 2921 4241 ἀναθεματίζοντες,
2960 4175 3056 4227 καὶ
3102 4175 3228 4236 τοὺς
3260 4173 3509 4243 μαθητὰς
3543 4172 3747 4237 αὐτοῦς
3792 4175 3985 4243 Ὁρᾶτε

723 4271 930 4338 itaque,
959 4265 1224 4329 Armenii,
1255 4266 1560 4317 dminonnm
1597 4276 1809 4320 currus.
1841 4260 1892 4313 in
1912 4269 2174 4327 quantum
2201 4259 2304 4310 iiii-

2405 4266 2517 4330 οὖν,
2550 4260 2595 4319 ὧ
2638 4266 2939 4336 Ἀρμένιοι,
2982 4265 3207 4335 ἅρματα
3259 4263 3368 4315 τῶν
3408 4262 3701 4331 δαιμόνων,
3744 4265 3826 4325 είς
3857 4266 3986 4330 ὅσην

716 4362 980 4431 pietatem
1010 4371 1073 4412 ac
1108 4355 1495 4425 impudentiam
1532 4353 1766 4423 prolapsi
1805 4352 1948 4417 sitis,
1993 4359 2053 4405 ut
2102 4351 2299 4404 nedum

2406 4360 2664 4412 ἀσέϐειαν
2703 4360 2797 4411 καὶ
2825 4357 3219 4426 ἀναισχυντίαν
3247 4354 3597 4418 πεπτώκατε,
3633 4355 3707 4415 ὡς
3735 4358 3797 4407 οὐ
3829 4358 3988 4424 μόνον

722 4464 969 4508 sanctam
1031 4448 1297 4517 synodum
1354 4444 1848 4499 Chalcedoneusem
1878 4482 1894 4507 ,
1942 4456 2006 4496 ac
2052 4455 2174 4494 cum
2233 4455 2297 4493 ea

2407 4450 2505 4520 τὴν
2537 4452 2594 4501 ὲν
2622 4448 2933 4516 Χαλκηδόνι
2972 4449 3135 4513 ἁγίαν
3164 4446 3402 4505 σύνοδον,
3434 4446 3529 4495 καὶ
3562 4444 3660 4495 σὺν
3698 4444 3839 4513 αὐτῇ
3864 4446 3988 4504 τοὺς

724 4553 946 4599 sanctos
970 4555 1159 4596 omnes
1184 4538 1602 4599 malediceretis,
1633 4551 1815 4589 verum
1840 4545 1894 4588 et
1937 4536 2109 4603 ipsum
2138 4532 2304 4591 Deum
2334 4522 2380 4583 Ι]

2334 4522 2387 4583 D
2414 4545 2604 4612 ἁγίους
2666 4543 2913 4602 ἅπαντας
2959 4538 3301 4609 βλασφημεῖν
3326 4577 3340 4599 ,
3374 4534 3509 4586 ἀλλά
3556 4534 3652 4585 καὶ
3699 4535 3865 4585 αὑτὸν
3902 4534 3989 4584 τὸν

728 4637 1072 4690 incarnatum
1134 4630 1318 4699 impie,
1356 4626 1663 4682 .Ioda'orum
1721 4638 1904 4691 more,
1958 4628 2303 4678 anathemate

2408 4633 2830 4704 σεσαρκωμένον
2886 4631 3021 4684 Θεὸν
3083 4629 3295 4690 ἀσεϐῶς
3349 4624 3772 4692 ἀναθεματίζειν
3824 4624 3900 4687 ὡς
3942 4627 3989 4677 οἱ

673 4767 677 4771 ρ
726 4724 1083 4782 damnaretis.

1038 4739 1083 4779 s.
2419 4725 2689 4778 Ἰουδαῖοι.

794 4832 890 4888 XI.
922 4831 1055 4885 Cum
1089 4829 1251 4898 igitur
1288 4826 1533 4880 Christus
1584 4835 1739 4875 suam
1765 4829 2017 4873 astruens
2050 4816 2302 4872 incarna-

2482 4817 2584 4870 ΙΝ.
2622 4818 2682 4869 Εἰ
2713 4810 2807 4868 οῦν
2843 4816 2871 4865 ὁ
2906 4811 3146 4882 Χριστὸς
3172 4809 3271 4879 τὴν
3323 4809 3522 4863 ἑαυτοῦ
3586 4809 3867 4877 σάρκωσιν
3901 4806 3990 4875 βε-

726 4926 927 4980 tionem
960 4921 1159 4978 Judazis
1191 4920 1333 4973 dicat
1365 4936 1377 4970 :
1408 4918 1546 4980 Quid
1580 4930 1658 4966 me
1698 4913 1934 4983 quieritis
1986 4908 2302 4975 interﬁcere,

2407 4911 2577 4963 δαιῶν
2602 4909 2754 4976 ἔλεγε
2787 4909 2900 4970 τοῖς
2931 4903 3207 4965 Ἰουδαίοις
3231 4920 3244 4932 ·
3290 4904 3351 4955 Τί
3371 4919 3447 4971 με
3472 4901 3695 4968 ζητεῖτε
3712 4899 3991 4955 ἀποκτεῖ-

728 5018 983 5072 hominem
1011 5014 1100 5085 qui
1134 5012 1398 5067 veritatem
1440 5007 1579 5062 vobis
1620 5006 1822 5057 locutus
1850 5018 1963 5055 sum
1985 5000 2047 5053 '?
2079 4988 2305 5067 magnus

2407 5017 2523 5063 ναι,
2549 4999 2863 5066 ἄνθρωπον
2891 4997 2961 5063 ὃς
2999 4997 3117 5059 τὴν
3161 4996 3459 5061 ἀλήθειαν
3480 4988 3622 5064 ὑμῖν
3639 4991 3991 5057 λελάληκα

732 5127 861 5164 vero
910 5109 1108 5164 Paulus
1168 5104 1454 5158 TimOtheo
1513 5101 1787 5161 scribens,
1850 5097 1995 5149 dicat
2053 5110 2067 5147 :
2132 5088 2304 5144 Homo

2409 5094 2501 5145 ml.
2539 5090 2748 5154 Παῦλος
2786 5092 2846 5143 δὲ
2874 5092 2900 5142 ὁ
2924 5088 3099 5159 μέγας
3135 5088 3441 5149 ἀπόστολος
3473 5086 3705 5154 γράφων
3736 5082 3993 5151 Τιμοθέῳ

732 5204 973 5259 Christus
1003 5202 1178 5263 Jews,
1203 5199 1291 5269 qui
1320 5196 1539 5250 tradidit
1573 5192 1900 5259 semetipsum
1931 5202 2027 5255 pro
2059 5184 2206 5238 nobis
2234 5186 2299 5250 ";

2407 5184 2633 5251 ἐλεγενο
2716 5183 3065 5249 Ἀνθρωπος
3149 5178 3391 5246 Ἰησοῦς
3438 5175 3714 5245 Χριστὸς.
3777 5177 3810 5227 ὀ
3848 5173 3994 5237 δοὺς

733 5314 795 5351 ac
831 5309 1017 5349 rursus
1053 5311 1066 5347 :
1108 5294 1209 5346 l’er
1234 5293 1491 5344 hominem
1528 5302 1687 5350 mors,
1724 5295 1772 5337 et
1814 5296 1905 5350 per
1933 5278 2193 5331 hominem
2224 5291 2307 5329 re-

2407 5274 2626 5328 ἑαυτὸν
2654 5272 2805 5339 ὑπὲρ
2826 5270 2997 5339 ἡμῶν
3018 5287 3033 5302 ο
3063 5272 3156 5323 καὶ
3185 5270 3374 5335 πάλιν,
3402 5270 3485 5322 ὅτι
3514 5268 3595 5320 Δι’
3622 5268 3942 5333 ἄνθρωπον
3962 5267 3991 5316 d

730 5387 983 5441 surrectio
1016 5402 1079 5439 ea:
1103 5384 1320 5438 mortuis
1350 5384 1389 5413 “
1428 5400 1441 5434 :
1476 5381 1525 5432 hi
1566 5389 1745 5431 autem
1789 5373 1992 5432 dicant,
2024 5384 2132 5422 non
2172 5381 2293 5421 esse

2406 5365 2685 5429 θάνατος,
2708 5360 2805 5416 καὶ
2831 5361 2906 5415 δι’
2927 5362 3243 5428 ἄνθρωπον
3263 5361 3607 5424 ἀνάστασις
3628 5358 3697 5409 ὲκ
3720 5354 3954 5421 νεκρῶν
3978 5373 3989 5384 ·

727 5479 1005 5535 Christum
1032 5478 1321 5539 hominem,
1348 5473 1438 5527 sed
1463 5473 1723 5527 duntaxat
1747 5468 1935 5529 Deum,
1970 5461 2103 5517 nihil
2125 5461 2301 5529 ahqu-

2408 5452 2555 5513 οἶιτοι
2586 5456 2645 5509 δὲ
2701 5456 2979 5522 λέγουσιν,
3016 5454 3104 5506 ὅτι
3135 5455 3237 5506 οὐκ
3272 5452 3424 5504 ἐστιν
3462 5450 3756 5518 ἄνθρωπος
3784 5450 3811 5501 ὁ
3862 5448 3994 5511 Χρι-

730 5574 953 5627 dautius
1001 5574 1051 5625 in
1100 5586 1198 5625 sua
1236 5565 1508 5638 hypostasi
1558 5562 1872 5622 habentem,
1902 5571 2062 5627 quam
2106 5552 2302 5609 habeat

2412 5551 2560 5613 στδςι
2592 5547 2730 5603 ἀλλά
2763 5547 2895 5609 Θεὸς
2938 5546 3098 5615 μόνον
3131 5557 3145 5572 ’
3178 5544 3331 5597 οὐδὲν
3370 5541 3631 5612 περισσὸν
3664 5540 3804 5606 ἔχων
3840 5538 3900 5588 ὲν
3928 5538 3990 5601 τῇ

736 5664 929 5731 Pater;
960 5662 1228 5733 quomodo
1268 5627 1487 5729 prorsus
1519 5654 1815 5710 Christiani
1852 5660 2077 5721 possunt
2120 5647 2305 5717 appeal.

2416 5644 2522 5713 ίδίᾳ
2550 5641 2848 5696 ὑποστάσει
2879 5638 3033 5708 παρά
3057 5639 3148 5691 τὸν
3210 5637 3462 5705 Πατέρα·
3506 5632 3623 5695 πῶς
3675 5630 3811 5692 ὅλως
3870 5627 3993 5696 X9.-

803 5848 821 5874 ⁷
852 5846 1008 5901 Joan.
1045 5861 1119 5908 iv,
1152 5844 1243 5898 21.
1318 5843 1339 5873 ⁸
1370 5840 1505 5895 Joan
1562 5853 1667 5904 ιιν,
1701 5836 1790 5892 ⁸³8.
1846 5832 1892 5861 ’⁸
1921 5829 2073 5885 Joan.
2100 5842 2201 5892 VII,
2240 5826 2333 5880 ‘20.
2412 5825 2454 5853 '°

1846 5832 1892 5861 "
1921 5829 2073 5885 Joan.
2100 5842 2201 5892 VII,
2240 5826 2333 5880 ‘20.
2412 5825 2454 5853 '°
2495 5820 2675 5875 Calat.
2715 5835 2775 5885 ιι,
2802 5818 2895 5873 ‘20.
2976 5818 3014 5848 "
3057 5815 3078 5871 Ι
3112 5815 3238 5871 Cor.
3275 5828 3363 5877 sv,
3394 5812 3483 5863 2|.
