4194 6444
235 421 374 486 1165

1285 422 1575 483 ORATIO
1619 424 1643 481 Ι
1688 419 1986 482 CONTRA
2026 421 2441 482 ARMENIOS.

3346 418 3482 483 1166

227 534 436 586 στιανοὶ
473 532 751 586 καλεῖσθαι
773 531 1048 598 δύνανται,
1085 535 1176 586 καὶ
1206 535 1266 587 οῦ
1329 536 1528 604 μᾶλλον
1559 536 1791 589 διιιῦολι⁹

1918 533 2016 598 ari,
2054 549 2116 588 ac
2148 550 2251 588 non
2288 535 2457 604 magis
2487 533 2783 589 diaholici‘l
2817 533 3053 588 Dicendo
3095 535 3282 605 itaque
3320 534 3488 589 Joan-

226 623 349 687 κοί;
384 623 567 676 Είπὼν
582 624 803 676 τοίνυνύ
827 623 1380 696 ΘεολόγοςῚωάννης,
1421 630 1501 682 ὅτι
1535 628 1588 682 Ὀ
1613 633 1804 700 Λόγος

223 716 384 781 σὰρξ
412 714 669 783 ἐγένετο,
705 715 802 768 καί
837 715 1196 779 ἐσκήνωσεν
1243 719 1314 770 ἐν
1344 720 1490 788 ἡμῖν
1519 737 1533 751 ⁸
1561 721 1675 784 πῶς
1703 724 1803 774 οὐκ

221 802 384 858 εἶπεν
426 807 509 859 ὅτι
554 807 652 875 τὴν
689 807 866 876 σάρκα
905 808 1080 875 Λόγον
1102 809 1393 878 πεποίηκε,
1426 813 1518 863 καὶ
1545 814 1627 875 είς
1679 813 1801 866 θεό-

221 919 389 971 τητος
438 903 602 971 φύσιν
659 903 962 972 μετέϐαλε,
1000 905 1109 956 Καὶ
1169 905 1380 969 Παῦλος
1430 907 1512 970 δὲ,
1554 909 1805 978 Τιμοθέῳ

223 994 455 1064 γράφων
493 995 618 1064 περὶ
658 996 917 1061 πίστεως,
944 997 1038 1049 καὶ
1094 997 1266 1065 λέγων
1295 1011 1308 1024 ⁸
1376 999 1804 1070 Ὀμολογουμέο

221 1102 343 1149 rem
371 1085 525 1153 μέγα
553 1087 682 1139 ἐστὶ
717 1089 781 1139 τὸ
805 1086 913 1154 τῆς
941 1088 1247 1153 εὐσεϐείας
1262 1090 1600 1158 μυστήριον
1629 1107 1642 1121 ο
1660 1091 1806 1156 Θεὸς

223 1174 570 1244 ἐφανερώθη
598 1177 668 1230 ἐν
689 1182 868 1244 σαρκί
909 1194 922 1208 ⁸
961 1179 1077 1242 πῶς
1116 1182 1216 1234 οὐκ
1243 1176 1394 1235 εἶπεν
1437 1184 1519 1236 ὃτι
1572 1186 1666 1235 καὶ
1701 1184 1797 1255 τὴν

225 1270 408 1345 σάρκα
446 1271 673 1338 θεότητα
712 1273 980 1342 πεποίηκε
1006 1273 1189 1338 ςΜετά
1217 1276 1504 1346 τριακόσια
1529 1279 1806 1333 δεκαοκτὼ

223 1359 316 1428 ἐτη
352 1359 451 1428 τῆς
483 1362 575 1413 τοῦ
608 1363 846 1433 Χριστοῦ
894 1367 1383 1438 ἑνανθρωπήσεως,
1429 1371 1474 1422 οί
1501 1372 1802 1438 τριακόσιοι

222 1450 506 1503 δεκαοκτὼ
537 1453 682 1519 ἀγιοι
721 1456 964 1525 ιῐατέρες
996 1459 1054 1508 ὲν
1085 1457 1290 1530 Νικαίᾳ
1314 1461 1680 1526 συνελθόντες,
1709 1454 1804 1519 καὶ

223 1543 311 1592 τὸν
347 1541 618 1608 σύμϐολον
642 1545 741 1612 τῆς
778 1544 1020 1609 πίστεως
1055 1547 1387 1616 γράψαντες,
1441 1551 1557 1614 πῶς
1587 1553 1665 1606 δεῖ
1681 1556 1804 1618 τοὺς

221 1630 592 1696 Χριστιανοὺς
615 1633 894 1686 πιστεύειν
920 1636 1013 1687 καὶ
1050 1638 1339 1706 ὁμολογεῖν
1398 1640 1488 1693 τὸν
1527 1643 1654 1696 Υίὸν
1708 1645 1802 1696 τοῦ

220 1722 385 1786 Θεοῦ,
416 1724 510 1775 καὶ
539 1725 783 1787 εἰπόντες
821 1727 950 1795 περὶ
963 1727 1056 1779 τοῦ
1081 1728 1342 1797 Χριστοῦ,
1363 1732 1443 1782 ὅτι
1475 1735 1804 1789 κατελθόντα

220 1815 285 1865 ἐκ
327 1814 437 1865 τῶν
472 1814 744 1884 οὐρανῶν,
779 1818 873 1869 καὶ
908 1819 1290 1886 σαρκωθέντα,
1326 1823 1419 1874 καὶ
1451 1825 1801 1897 ὲνανθρωτιή⁴

1909 639 2005 680 nes
2029 626 2330 695 Theologus
2355 645 2367 678 :
2391 683 2393 687 Α
2415 625 2638 680 Verbum
2665 642 2788 678 caro
2815 626 3010 691 factum
3033 634 3131 685 est.
3157 636 3202 679 et
3229 627 3489 680 habitavit

1905 721 1959 772 in
1986 719 2131 771 nobis
2156 718 2198 750 "
2218 757 2232 783 ,
2265 721 2535 786 quomodo
2564 734 2669 772 non
2695 718 2818 772 item
2855 718 3011 783 dixit,
3041 717 3237 771 fecisse
3261 733 3481 772 carnem

1907 810 2163 875 Verbum,
2197 827 2258 864 ac
2331 811 2382 863 in
2435 810 2654 866 deitatis
2699 821 2946 864 naturam
3000 810 3371 863 convertisse?
3406 812 3481 863 Ac

1906 919 2028 958 cum
2073 902 2268 956 Paulus
2308 901 2594 957 Timotheo
2634 902 2873 956 scribens
2902 901 2966 956 de
2995 902 3097 955 ﬁde
3129 902 3272 955 dicat
3306 922 3318 955 :
3359 902 3480 955 Ma—

1908 996 2092 1063 rti/este
2119 1012 2363 1064 magnum
2389 1004 2466 1048 est
2494 995 2701 1062 pietatis
2731 1005 3117 1047 sacramentum
3145 1008 3163 1047 :
3197 993 3335 1047 Deus
3368 1011 3482 1046 ma-

1908 1089 2125 1157 nifestus
2167 1090 2219 1140 in
2266 1106 2422 1143 carne
2450 1090 2526 1151 ”,
2573 1087 2759 1157 quidni
2804 1088 2962 1153 dixit,
3015 1103 3234 1143 carnem
3291 1088 3484 1141 iecisse

1908 1180 2199 1237 deitatem?
2242 1179 2370 1235 Post
2429 1190 2701 1235 trecentos
2745 1180 2998 1246 deinceps
3040 1181 3225 1234 decem
3276 1191 3329 1234 et
3361 1191 3486 1234 octo

1907 1286 2077 1326 annos
2098 1288 2125 1324 a
2157 1271 2358 1325 Christi
2393 1271 2794 1333 incarnatione,
2816 1271 3039 1326 trecenti
3073 1272 3257 1324 decem
3288 1281 3485 1325 etocto

1907 1363 2081 1418 sancti
2118 1363 2308 1417 Patres
2337 1361 2564 1417 Nicaeam
2592 1365 3002 1426 convenientes,
3026 1377 3089 1416 ac
3123 1363 3243 1416 ﬁdei
3270 1366 3488 1432 symbo-

1909 1456 2015 1510 lum
2063 1458 2380 1518 scribentes,
2433 1467 2491 1509 ut
2541 1455 2769 1510 debeant
2817 1455 3116 1510 Christiani
3174 1455 3397 1508 credere
3425 1469 3490 1508 ac

1906 1548 2150 1604 confiteri
2183 1549 2272 1603 Dei
2323 1548 2556 1612 Filium;
2591 1562 2811 1620 aecum
2845 1548 3112 1602 dixissent
3144 1549 3210 1601 de
3242 1547 3486 1610 Christo,

1905 1643 2252 1697 descendisse
2279 1643 2342 1696 de
2365 1641 2542 1701 caelis.
2574 1621 2916 1694 incarnatum
2948 1655 3089 1706 esse,
3126 1639 3326 1693 factum
3379 1640 3484 1693 ho-

1908 1735 2130 1796 minem,
2161 1731 2500 1795 crucifixum,
2535 1729 2824 1798 sepultnm.
2861 1730 3252 1791 resurrexisse,
3289 1744 3485 1782 ascen-

1909 1827 2052 1880 disse
2077 1826 2128 1877 in
2158 1824 2344 1886 caelos,
2374 1831 2536 1891 atque
2580 1823 2643 1874 ad
2684 1821 2860 1875 Patris
2905 1823 3423 1875 dexteranrsedere
3463 1839 3476 1874 :

223 1924 414 1970 σαντα,
435 1909 528 1960 καὶ
547 1909 951 1974 σταυρωθέντα,
972 1910 1066 1964 καὶ
1082 1913 1342 1980 ταψέντα,
1365 1915 1457 1968 καὶ
1477 1918 1803 1987 ἀναστάντα,

1913 1917 2180 1988 siquidem
2205 1924 2465 1969 noverant
2494 1928 2711 1967 carnem
2749 1913 2800 1966 in
2842 1914 3057 1967 deitatis
3084 1927 3330 1967 naturam
3359 1929 3487 1967 con-

222 2002 316 2052 καὶ
347 2000 645 2054 ἀνελθόντα
675 2003 754 2064 είς
786 2002 908 2065 τοῦς
932 2003 1218 2072 οὐρανοὺς,
1289 2009 1384 2060 καὶ
1433 2008 1807 2081 καθεζόμενον

221 2093 279 2143 ὲν
315 2092 468 2162 δεξιᾷ
499 2093 591 2145 τοῦ
628 2095 844 2165 Πατρός
869 2112 882 2127 ο
929 2096 978 2148 εί
1011 2095 1104 2150 οὖν
1134 2098 1234 2167 τὴν
1269 2100 1448 2170 σάρκα
1502 2105 1587 2167 είς
1646 2105 1807 2174 φύσιν

220 2189 527 2256 τραπεῖσαν
559 2187 817 2257 θεότητος
848 2189 1172 2258 ἐγίνωσκον,
1200 2192 1318 2256 πῶς
1356 2195 1416 2246 οὺ
1457 2197 1804 2268 προσέθηκαν

220 2281 279 2330 ὲν
317 2281 383 2349 τῇ
420 2280 617 2345 πίστει,
646 2284 783 2350 μετὰ
810 2282 870 2334 τὸ
901 2284 1075 2337 είπεῖν
1109 2285 1187 2337 ὅτι
1229 2285 1332 2338 Ἐν
1353 2286 1520 2355 δεξιᾷ
1548 2290 1652 2344 τοῦ
1685 2294 1799 2344 Πα-

1912 2008 2354 2078 versam,qnidni
2384 2006 2502 2060 ﬁdei
2528 2006 2849 2060 addiderunt
2871 2014 3068 2074 postea
3103 2006 3299 2060 verba:
3329 2006 3485 2061 Sedet

1913 2106 1981 2159 ad
2029 2107 2291 2157 dexteram
2341 2100 2541 2164 Patris,
2585 2114 2727 2153 nunc
2775 2114 2992 2168 quoque
3033 2113 3248 2152 carnem
3291 2097 3484 2152 fecisse

1912 2199 2189 2261 deitatem,
2230 2197 2306 2250 uti
2351 2195 2498 2263 impii
2531 2195 2617 2248 isti
2660 2193 2994 2262 conﬁngunt,
3037 2207 3141 2246 non
3176 2201 3234 2246 ut
3277 2191 3484 2246 Christi

1909 2295 2175 2349 honorent
2202 2303 2447 2351 carnem,
2481 2286 2575 2341 sed
2606 2294 2662 2338 nt
2688 2285 2802 2352 ejus
2838 2300 3038 2354 corpus
3077 2285 3414 2339 inlicientan

221 2373 363 2442 τρὸς
409 2376 794 2445 καθήμενον,
857 2376 941 2432 ὅτι
984 2378 1078 2433 καὶ
1147 2379 1244 2450 τὴν
1295 2380 1475 2451 σάρκα
1524 2383 1757 2455 θεότητα
1844 2389 2191 2459 ποιήσανταυ
2227 2381 2302 2446 ὡς
2361 2374 2584 2435 οὗτοιοῖ
2642 2377 2880 2442 ἀσεϐεῖς,
2914 2378 2974 2430 οὺ
3013 2378 3101 2432 διά
3158 2378 3322 2448 τιμὴν
3387 2379 3484 2448 τῆς

224 2468 431 2537 σαρκὸς
461 2469 555 2520 τοῦ
593 2469 859 2540 Χριστοῦ,
895 2472 1033 2525 ἀλλά
1060 2472 1127 2526 δι’
1151 2474 1380 2544 ἄρνησιν
1411 2476 1506 2529 τοῦ
1540 2477 1794 2550 σώματος
1835 2480 2025 2546 αὐτοῦ,
2060 2476 2288 2532 τοιαῦτα
2323 2473 2718 2546 μυθολογοῦσιν
2747 2489 2762 2538 ;

293 2561 398 2616 ιβ’.
474 2560 726 2618 Ἐνᾰντία
770 2567 951 2619 τοίνυν
976 2569 1070 2621 τοῦ
1111 2570 1372 2639 Χριστοῦ,
1407 2573 1501 2625 καὶ
1528 2575 1636 2628 τῶν
1678 2577 1812 2630 ἀπο-

223 2657 430 2709 στόλων
489 2657 724 2711 καὶτῶν
780 2657 1058 2730 θεοφόρων
1112 2662 1374 2732 Πατέρων
1445 2665 1812 2733 διδάσκοντες,

223 2748 635 2819 ἀλλοτριοῦνται
682 2750 775 2802 τοῦ
817 2751 1077 2822 Χριστοῦ,
1129 2753 1589 2826 κληρονομοῦνται
1640 2758 1697 2810 δὲ
1751 2761 1813 2812 τὸ

224 2842 498 2912 ἀνάθεμα,
523 2842 706 2906 καθώς
737 2861 903 2915 φησιν
932 2845 958 2895 6
991 2845 1145 2913 ἅγιος
1177 2847 1386 2910 Παῦλος
1419 2850 1446 2900 6
1479 2849 1655 2917 μέγας
1683 2852 1811 2905 ἀπό-

227 2936 419 2997 στολος
454 2951 466 2964 '
498 2935 570 2989 El
598 2953 688 3001 τις
721 2937 828 3006 γὰρ
879 2938 1317 3007 εὐαγγελίζεται
1379 2942 1536 3012 ὑμᾶς
1616 2943 1752 3014 παρ’
1778 2945 1809 2998 ὃ

225 3027 491 3094 ἐλάϐετε,
524 3027 792 3098 ἀνάθεμα
819 3031 994 3084 ἔστω.
1055 3034 1264 3086 Οὐκοῦν
1321 3035 1419 3104 τὴν
1479 3036 1656 3106 σάρκα
1717 3037 1808 3090 τοῦ

227 3122 466 3191 Χριστοῦ
493 3123 571 3185 είς
603 3122 768 3191 φύσιν
793 3123 1046 3193 θεότητος
1071 3127 1372 3199 τραπῆναι,
1407 3115 1498 3180 καὶ
1521 3129 1810 3199 ὁμοοῦσιον

1992 2574 2106 2630 XII.
2153 2575 2286 2629 Cum
2343 2573 2520 2641 itaque
2567 2571 2742 2624 aliena
2775 2585 2800 2623 ει
2841 2569 3082 2633 Christo,
3123 2585 3185 2624 ac
3230 2572 3487 2639 apostolis

1915 2671 2240 2742 deiferisque
2265 2667 2515 2722 Patrihus
2540 2668 2789 2728 doceant,
2812 2663 2968 2718 alieni
2986 2679 3013 2717 a
3036 2665 3254 2720 Christo
3281 2667 3486 2720 constl-

1916 2770 2158 2826 tuuntur,
2206 2775 2267 2814 ac
2321 2758 2604 2811 anathema
2655 2755 2980 2818 sortiuntur,
3016 2756 3090 2810 uti
3143 2756 3366 2825 magnus
3399 2757 3490 2812 ille

1915 2851 2188 2921 apostolus
2216 2845 2412 2903 Paulus
2454 2847 2527 2900 ait
2564 2845 2664 2901 :Si
2691 2847 2808 2915 quis
2846 2845 2990 2899 vobis
3027 2847 3487 2915 euangelizaverit,

1915 2951 2104 3009 prater
2134 2938 2187 2992 id
2215 2937 2353 3007 quod
2383 2935 2680 3004 (recepistis,
2716 2933 2994 2987 anathema
3035 2935 3104 2986 sit
3127 2934 3194 2986 “.
3228 2933 3484 2997 Proinde,

1912 3042 2031 3080 cum
2055 3024 2256 3079 Christi
2287 3038 2504 3078 carnem
2537 3024 2588 3075 in
2615 3023 2831 3077 deitatis
2860 3035 3107 3076 naturam
3143 3039 3484 3090 conversam,

1911 3132 1974 3172 ac
2017 3117 2238 3171 deitatis
2287 3115 2480 3170 factam
2524 3115 3202 3177 consubstantialem,nec
3235 3115 3489 3171 Christus

227 3188 441 3284 056m“
479 3188 832 3282 γεγενῆσθαι,
909 3188 1044 3286 μήτε
1094 3188 1187 3270 τοῦ
1237 3188 1474 3289 λ’ριστοῦ
1539 3188 1804 3285 εἰπόντος,

1912 3209 2134 3274 dixerit,
2185 3223 2284 3263 ncc
2329 3208 2672 3279 evangelista;
2723 3209 3165 3278 conscripserint,
3217 3225 3313 3265 nec
3360 3225 3489 3278 apo-

229 3310 367 3376 μήτε
399 3307 510 3360 τῶν
541 3307 948 3374 εὐαγγελιστῶν
975 3309 1431 3378 συγγραψάντων,
1495 3311 1632 3382 μήτε
1696 3311 1806 3366 τῶν

225 3399 544 3453 ἀποστόλων
567 3400 913 3466 διδαξάντων,
936 3402 1072 3469 μήτε
1100 3402 1207 3453 τῶν
1223 3401 1333 3472 τιη⁹
1350 3404 1522 3470 ἀγίων
1545 3405 1806 3474 Πατέρων

227 3493 282 3543 ἐν
316 3494 382 3562 τῇ
416 3491 599 3543 πίστει
633 3492 1010 3561 προτεθέντων
1045 3493 1596 3564 ἢμνημονευσάντων
1626 3513 1639 3526 ·
1672 3497 1807 3550 ἀνά-

227 3586 368 3654 θεμα
401 3583 649 3637 ἔστωσαν
704 3578 852 3637 οῦτοι
882 3588 927 3638 οἱ
957 3589 1316 3658 χριστομάκοι
1371 3591 1636 3653 αἱρετικοὶ
1685 3590 1807 3660 Ἀρ·

231 3677 428 3745 μένιοι,
485 3676 967 3746 εὐαγγελιζόμενοι
1020 3682 1112 3733 καὶ
1173 3680 1557 3748 κηρύττοντες,
1616 3679 1807 3751 παρ’ἕὸ

229 3762 362 3835 παρ’
396 3769 624 3821 ἐκείνων
652 3769 962 3838 παρέλαϐον
998 3787 1009 3800 ’
1033 3773 1126 3822 καὶ
1158 3771 1350 3824 ἀπολεῖ
1371 3772 1568 3836 αὐτοῦς
1603 3772 1805 3843 Κύριος

227 3859 534 3922 λαλοῦντας
565 3860 625 3911 τὸ
649 3861 868 3927 ψεῦδος,
897 3860 1079 3924 καθὼς
1109 3863 1201 3915 καὶ
1222 3865 1248 3915 6
1283 3863 1456 3933 μέγας
1492 3863 1807 3927 Ἀθανάσιος

227 3956 254 4004 6
293 3952 733 4022 Ἀλεξανδρείας,
780 3954 1019 4023 ἐλέγχων
1072 3955 1270 4018 αὐτοὺς
1323 3955 1525 4025 γράφει
1585 3955 1758 4018 οὕτως
1792 3973 1803 3985 ·

239 4064 254 4092 ι
315 4045 477 4105 ﬂcio;
507 4043 637 4114 ᾅδης
671 4030 947 4114 ὴρεῦξατο
988 4046 1085 4114 τὴν
1127 4048 1311 4114 φωνὴν
1368 4047 1466 4117 τὴν
1524 4047 1806 4114 λέγουσαν,

229 4136 517 4204 ὀιλοοὺσιον
541 4132 678 4189 εἶναι
736 4137 795 4189 τὸ
836 4136 1013 4205 σῶμα,
1059 4139 1152 4189 καὶ
1227 4139 1316 4191 τὸν
1366 4139 1498 4192 Θεὸν
1550 4142 1754 4208 Λόγον;
1784 4161 1801 4192 ι

243 4229 477 4298 Ὁμοίως
518 4229 613 4280 καὶ
648 4231 674 4280 6
703 4228 856 4296 ἇγιος
891 4230 1199 4300 Κύριλλοςό
1231 4231 1636 4303 Ἀλεξανδρείας
1673 4235 1806 4303 πρὸς

232 4321 534 4373 Σούκενσον
566 4322 864 4373 ἐπίσκοπον
899 4323 1100 4392 γράφει
1139 4321 1341 4385 οὕτως·
1401 4344 1416 4374 ι
1468 4325 1805 4390 Ἐννοοῦντες

231 4415 409 4462 τοίνυν
439 4411 538 4480 τῆς
571 4411 891 4481 ὲνανθρωπή
906 4430 1039 4475 σεως
1069 4413 1292 4481 τρόπον,
1323 4412 1538 4484 ὁρῶμεν
1585 4417 1667 4468 ὅτι
1715 4417 1807 4469 δᾶο

1912 3302 2034 3357 stoli
2063 3301 2361 3365 docuerint,
2391 3314 2489 3353 nec
2511 3299 2732 3353 trecenti
2753 3300 2938 3353 decem
2968 3310 3022 3354 et
3045 3311 3164 3355 octo
3191 3305 3358 3356 sancti
3384 3303 3485 3356 Pa-

1914 3403 2024 3451 tres
2051 3393 2103 3446 in
2155 3392 2471 3460 exponenda
2525 3391 2627 3445 (ide
2676 3395 3082 3460 proposuerint,
3112 3403 3204 3447 aut
3254 3396 3329 3449 rei
3364 3395 3481 3462 ejus

1914 3488 2240 3541 mentionem
2281 3481 2530 3547 fecerint,
2561 3484 2847 3539 anathema
2900 3485 3010 3540 sint
3067 3484 3160 3541 Dei
3202 3488 3382 3542 hostes
3419 3505 3483 3542 ac

1911 3578 2146 3633 haeretici
2177 3577 2230 3629 bi
2265 3577 2529 3641 Armenii,
2562 3575 2652 3645 qui
2679 3578 3053 3646 evangelizent
3075 3594 3136 3634 ac
3163 3581 3480 3648 prmdicent,

1912 3681 2106 3740 printer
2163 3669 2213 3722 id
2250 3670 2392 3739 quod
2424 3669 2492 3722 ab
2533 3668 2636 3722 illis
2664 3674 3022 3736 acceperunt;
3057 3672 3353 3741 perdetque
3415 3673 3482 3726 il-

1911 3775 1990 3828 los
2021 3773 2184 3835 Deus,
2207 3781 2262 3824 ut
2292 3769 2382 3840 qui
2417 3769 2709 3838 loquantur
2743 3772 3102 3838 mendacium,
3130 3775 3482 3843 quemadmo-

1911 3864 2036 3917 dum
2084 3863 2246 3917 etiam
2298 3877 2522 3930 magnus
2567 3862 2656 3918 ille
2699 3863 3024 3920 Athanasius
3071 3865 3475 3922 Alexandrinus

1911 3970 2146 4024 arguens
2180 3954 2301 4009 illos
2332 3954 2385 4007 in
2425 3954 2536 4008 haec
2566 3953 2728 4008 verba
2758 3955 2947 4009 scribit
2983 3973 2996 4010 :
3048 3974 3068 4009 ι
3101 3957 3356 4024 Quisnam
3392 3959 3474 4011 in-

1910 4049 2092 4101 fernus
2134 4062 2253 4100 eam
2307 4060 2489 4100 vocem
2521 4047 2778 4113 evomuit,
2815 4061 2918 4114 qua
2975 4049 3192 4114 dicitur,
3237 4051 3476 4117 ejusdem

1908 4154 2026 4194 csse
2079 4139 2394 4194 substantia:
2448 4153 2679 4208 corpus,
2724 4153 2785 4192 ac
2835 4141 2996 4193 Deum
3039 4138 3274 4194 Verbum
3310 4141 3427 4212 (9)?
3454 4161 3474 4193 ι

1911 4229 2083 4284 Simili
2131 4244 2346 4300 quoque
2401 4230 2610 4284 ratione
2658 4229 2896 4298 Cyrillus
2941 4230 3344 4286 Alexandrinus
3399 4232 3473 4285 ita

1910 4322 2100 4377 scribit
2152 4322 2218 4376 ad
2273 4321 2572 4375 Succusum
2609 4322 2916 4390 episcopum
2952 4338 2966 4375 :
3001 4339 3019 4370 ι
3062 4322 3477 4378 Considerantes

1913 4411 2073 4482 igitur
2108 4410 2322 4464 modum
2352 4410 2774 4474 hnmanatiouis,
2801 4409 3149 4480 intelligimus
3172 4412 3305 4467 duas
3336 4413 3478 4466 inter

234 4504 423 4570 φύσεις
461 4503 722 4580 συνῆλθον
752 4505 1001 4573 ἀλλήλοις
1034 4507 1154 4557 καθ’
1192 4506 1386 4560 ἕνωσιν
1412 4509 1805 4576 ἀδιάσπαστον,

1915 4517 1972 4556 se
2027 4500 2382 4554 indissolubili
2430 4500 2630 4554 unione
2678 4502 2996 4556 convenisse
3037 4511 3286 4588 naturas,
3340 4504 3477 4558 citra

232 4597 552 4666 ἀχωρίστως
589 4595 689 4665 (7),
725 4597 1034 4667 ἀτρέπτως.
1071 4597 1134 4649 Ἢ
1166 4597 1273 4669 γὰρ
1311 4598 1471 4668 σὰρξ,
1499 4599 1635 4670 σάρξ
1665 4604 1802 4667 ἐστι,

233 4689 325 4740 καὶ
355 4688 416 4740 οὐ
443 4687 660 4758 θεότης,
688 4689 736 4740 εί
767 4690 861 4741 καὶ
887 4689 1106 4756 λέγεται
1131 4689 1207 4761 (8)
1240 4691 1375 4744 Θεοῦ
1403 4692 1540 4763 σάρξ
1567 4709 1580 4722 ·
1605 4694 1805 4762 ὁμοίως

230 4781 284 4831 δὲ
319 4781 416 4832 καὶ
448 4783 475 4832 6
500 4782 670 4848 Λόγος
700 4781 830 4844 Θεός
861 4784 1000 4844 ἐστι,
1027 4783 1121 4836 καὶ
1147 4784 1206 4835 οὐ
1239 4785 1395 4856 σάρξ.
1424 4787 1474 4837 εἰ
1516 4787 1609 4839 καὶ
1667 4787 1806 4839 ίδίαν

231 4875 533 4946 ἐποιήσατο
558 4875 655 4946 τὴν
688 4876 865 4946 σάρκα
893 4868 1281 4946 οἰκονομικῶς.
1328 4899 1345 4929 ι
1378 4881 1544 4934 Οὐδὲν
1567 4883 1620 4934 δὲ
1671 4883 1808 4944 τέως

229 4967 276 5017 oi
298 4956 540 5033 ἀσεϐεῖς,
566 4967 599 5038 ἢ
633 4967 730 5036 τὴν
763 4967 1040 5038 σάρκωσιν
1069 4969 1308 5040 Χριστοῦ
1335 4971 1617 5040 ἀρνεῖσθαι
1678 4972 1804 5042 βου-

230 5056 469 5125 λόμενοι,
509 5057 683 5111 ταῦτα
714 5057 1098 5130 βλασφημοῦσι
1137 5063 1230 5114 καὶ
1261 5062 1639 5134 μυθολςγοῦσι.

756 5313 1154 5368 ΚΕΦΔΛΔΙΟΝ
1185 5314 1256 5368 B‘.

637 5405 772 5474 Περὶ
801 5403 906 5458 τοῦ
941 5406 1400 5475 εὐαγγελισμοῦ.

307 5501 520 5554 ’Ὀτιδὶ
548 5502 597 5553 oi
666 5503 943 5573 Ἀρμένιοι
1002 5506 1295 5574 προφανῶς
1363 5506 1653 5576 ἀρνοῦνται
1712 5509 1810 5576 τὴν

303 5621 343 5652 "
374 5621 528 5675 .loau.
559 5638 597 5684 ι,
638 5623 723 5678 14.
804 5626 892 5678 ¹³Ι
930 5624 1069 5679 Tim.
1102 5642 1183 5688 Ill,
1220 5627 1303 5678 16.
1389 5626 1429 5655 ”
1464 5625 1640 5680 Galal.
1680 5643 1716 5689 ι,
1751 5629 1803 5679 9.

306 5717 387 5782 (7)
420 5717 558 5770 Edit.
593 5716 936 5783 ἀσυγχύτως.

305 5787 383 5853 (8)
414 5787 556 5842 Edit.
591 5788 774 5858 Cyrill.
811 5793 1025 5856 γέγονε.
1709 5845 1713 5849 .

305 5860 380 5929 t9)
414 5859 615 5915 Athan.
666 5869 746 5915 est
794 5863 955 5930 apud.
993 5865 1180 5920 Ambr.
1222 5865 1314 5920 lib.
1357 5865 1429 5920 De
1465 5864 1674 5938 Iuram.
1721 5885 1807 5921 sa-

1914 4589 2289 4647 conl'usionem
2344 4601 2504 4660 atque
2544 4593 2892 4646 mutationem
2931 4567 3114 4647 ullain.
3150 4595 3292 4650 Caro
3333 4597 3477 4650 enim

1911 4698 2036 4738 caro
2062 4694 2165 4747 est,
2192 4692 2245 4738 et
2298 4696 2403 4736 non
2457 4682 2732 4748 divinitas,
2765 4683 2981 4739 etiamsi
3026 4684 3118 4739 Dei
3167 4701 3295 4740 caro
3335 4669 3473 4741 facta

1911 4785 1992 4831 est
2026 4795 2038 4829 :
2076 4777 2310 4844 itemque
2339 4773 2570 4829 Verbum
2601 4775 2742 4832 Deus
2770 4784 2873 4837 est.
2909 4786 2961 4831 et
2989 4793 3094 4831 non
3124 4793 3478 4849 caro,quam~

1915 4869 1996 4923 vis
2025 4869 2416 4935 dispensatoria
2449 4871 2660 4923 ratione
2696 4871 2966 4940 propriam
3001 4872 3100 4925 sibi
3135 4870 3324 4927 fecerit
3352 4888 3478 4926 card
3573 4920 3575 4922 .

1916 4971 2035 5008 nem
2082 4954 2217 5024 (10).
2255 4972 2273 5005 ι
2321 4953 2375 5007 Id
2436 4958 2579 5010 enim
2623 4973 2787 5012 unum
2833 4960 3045 5014 interim
3089 4960 3238 5030 impii
3297 4963 3479 5015 animo

1914 5046 2265 5101 constitutum
2328 5047 2616 5111 habentes,
2679 5059 2738 5102 ut
2790 5050 2996 5105 Christi
3044 5060 3242 5120 negent
3296 5053 3482 5106 incar-

1916 5139 2209 5204 nationem,
2260 5141 2437 5193 omnia
2504 5141 2615 5194 hazc
2661 5142 3036 5210 hlasphemant
3086 5155 3137 5197 et
3193 5147 3450 5200 rommini

1907 5242 2146 5285 SCllllllll'.

2488 5304 2857 5382 ὀιρυτιι

2437 5417 2512 5471 De
2539 5419 2964 5473 Annuntintione.

1984 5508 2135 5573 Quod
2186 5519 2361 5564 autem
2404 5510 2641 5566 Armenii
2689 5511 2889 5566 Christi
2939 5513 3112 5582 palam
3154 5513 3486 5569 incarnatio-
3570 5516 3572 5518 ’

1915 5739 2080 5778 erant.
2114 5740 2230 5795 cap.
2268 5725 2320 5778 6.

1991 5797 2102 5865 (ιο)
2132 5796 2314 5871 Cyrill.
2358 5795 2513 5866 epist.
2556 5798 2600 5859 I,
2636 5798 2698 5850 ad
2730 5797 2858 5853 Suc.
