4194 6444
685 404 812 466 1171

1763 399 2007 460 [SAACI
2047 396 2423 460 ΑΒΜΕΝΙΕ
2463 395 2875 456 CATHOLICI

3805 384 3946 449 Ητὲ

677 526 770 586 tia,
801 530 856 572 ut
887 520 976 588 qui
1010 517 1149 572 Deus
1194 534 1354 573 verus
1398 533 1459 570 ac
1493 517 1635 570 Patri
1682 516 1752 570 sit
1808 515 2247 570 mnSttbstantia-

2372 514 2450 564 (αὶ
2492 510 2784 581 ὁμοούσιος
2817 512 2950 579 ἡμῖν
2980 509 3122 561 κατὰ
3154 507 3215 561 τὸ
3235 506 3418 577 σῶμα,
3444 502 3641 574 ὁρατὴς
3680 500 3778 553 καὶ
3826 517 3950 552 κτι-

676 612 742 667 tis
781 630 795 667 :
828 613 1004 680 sitque
1034 627 1246 666 rursum
1286 625 1410 664 vere
1436 612 1599 664 etiam
1635 611 1820 675 homo,
1852 608 2093 678 ejusdem
2155 621 2249 660 no-

680 701 889 755 hiscum
926 701 1267 768 substantize.
1308 701 1448 769 quod
1476 709 1687 769 spectat
1721 700 1785 753 ad
1837 712 2055 767 corpus,
2117 696 2252 750 visi-

677 793 826 859 bilis,
856 801 1098 858 ereatus,
1149 804 1422 857 terrenus,
1476 792 1743 853 mortalis.
1802 793 2099 862 passibilis,
2143 794 2252 846 cir-

675 890 1079 956 cumscriptus:
1137 888 1229 959 qui
1269 904 1371 941 non
1402 890 1589 955 utique
1613 889 1748 940 duas
1783 886 1958 955 palam
2028 891 2252 938 naturas

677 980 771 1034 Dei
798 996 860 1034 ac
886 981 1118 1035 hominis
1143 978 1375 1033 habeat?
1403 978 1560 1033 Modo
1590 978 1736 1032 enim
1774 977 2011 1031 luerctici
2056 977 2250 1031 Arme-

639 1063 643 1065 i
676 1072 751 1125 uii
782 1072 961 1125 omnia
995 1073 1105 1124 haec
1137 1071 1189 1124 in
1216 1068 1437 1124 Christo
1490 1071 1797 1135 admittant,
1848 1069 2126 1138 Deumque
2184 1069 2251 1121 il-

677 1164 785 1216 lum
820 1178 884 1217 ac
914 1163 1189 1216 hominem
1223 1164 1607 1227 conliteantur,
1666 1161 1773 1215 Deo
1797 1177 1861 1215 ac
1926 1160 2075 1214 Patri
2114 1176 2249 1215 con—

675 1255 1113 1320 substantialem,
1140 1254 1492 1326 ejusdemque
1521 1254 1872 1308 nihilominus
1903 1267 2027 1307 cum
2072 1252 2253 1306 homi»

674 1347 836 1400 nibus
866 1348 1209 1412 substantiae,
1245 1348 1521 1402 caalestem
1552 1363 1616 1401 ac
1651 1353 1927 1400 terrenum
1950 1386 1963 1410 ,
2011 1355 2251 1400 creatum

674 1439 1093 1501 acincreatum,
1127 1437 1409 1491 mortalem
1460 1451 1524 1492 ac.
1578 1436 1974 1500 immortalem;
2026 1435 2256 1503 passibi-

676 1529 783 1581 lem
813 1543 878 1582 ac
906 1528 1295 1597 impassibilem
1323 1547 1335 1596 ;
1365 1529 1536 1583 oculis
1568 1528 1866 1597 subjectum
1893 1542 1957 1581 ac
1994 1542 2097 1579 non
2131 1525 2255 1580 sub-

675 1618 908 1687 jectum;
942 1620 1059 1674 sine
1079 1631 1231 1689 patre
1262 1636 1326 1674 ac
1375 1621 1493 1675 sine
1526 1630 1736 1683 matre;
1775 1620 2249 1689 circumscriptum

676 1723 738 1761 ac.
772 1708 1305 1779 incircumscriptum
1334 1727 1351 1777 ;
1386 1710 1702 1775 dummodo,
1736 1711 1985 1778 inquam,
2013 1709 2128 1764 hac
2183 1710 2254 1763 illi

676 1802 855 1854 Omnia
885 1801 937 1853 in
968 1799 1187 1855 Christo
1219 1802 1446 1856 veritate
1478 1801 1796 1869 praedicent,
1818 1799 2024 1869 liquido
2050 1809 2105 1853 et
2151 1800 2251 1868 ipsi

2365 605 2513 667 στὸς,
2542 606 2637 656 καὶ
2664 604 2868 672 χοῖκὸς,
2896 603 2990 656 καὶ
3058 599 3274 669 θνητὸς,
3338 598 3433 650 καὶ
3510 593 3779 663 παθητὸς,
3854 589 3953 642 καὶ

2365 696 2749 766 περιγραπτός
2781 711 2794 725 ⁸
2828 694 2944 756 πῶς
2983 694 3090 761 ἄρα
3117 693 3216 744 οὐκ
3245 689 3360 759 ἔχει
3392 688 3486 740 δύο
3553 686 3749 753 φύσεις
3814 699 3953 750 προ·

2362 789 2564 858 φανῶς,
2597 788 2732 840 Θεοῦ
2754 788 2849 840 καὶ
2871 784 3195 856 ἀνθρώπους
3231 783 3358 835 Ἐὰν
3381 782 3489 848 γὰρ
3514 779 3607 831 καὶ
3642 777 3691 828 οἱ
3740 776 3951 843 αἱρετι-

2365 882 2453 935 κοὶ
2491 883 2763 951 Ἀρμένιοι
2783 879 2953 931 ταῦτα
2977 878 3156 930 πάντα
3183 876 3437 936 λέγουσιν
3454 866 3593 923 εἶναι
3622 872 3677 920 ὲν
3700 862 3945 935 Χριστῷ,

2373 973 2466 1025 καὶ
2484 970 2836 1041 ὁμολογοῦσιν
2864 967 3025 1020 αὑτὸν
3043 966 3173 1018 Θεὸν
3197 964 3291 1017 καὶ
3315 962 3623 1030 ἄνθρωπον,
3658 952 3950 1025 ὁμοοὺσιιν

2361 1064 2480 1133 Θεῷ
2509 1062 2598 1115 καὶ
2622 1060 2907 1131 ὁμοούσιον
2936 1061 3047 1121 τοῖς
3078 1053 3668 1126 ἀνθρώποις,οὑράνιον
3702 1046 3795 1100 καὶ
3830 1044 3954 1096 ἐπ’-

2365 1172 2511 1223 γειον
2531 1170 2544 1183 ο
2589 1153 2805 1205 κτιστὺν
2836 1151 2932 1203 καὶ
2958 1149 3215 1203 ἂκτιστον
3247 1163 3260 1175 ·
3296 1144 3490 1214 θνητὸν
3510 1142 3602 1195 καὶ
3634 1139 3910 1193 ἀθάνατον
3936 1150 3946 1161 ·

2362 1244 2609 1315 παθητὸν
2673 1245 2766 1296 καὶ
2818 1242 3035 1313 ἀπαθῆ·
3063 1240 3257 1311 ὀρατὶν
3290 1239 3385 1291 καὶ
3406 1238 3635 1307 ἀόρατον
3655 1249 3666 1261 ·
3697 1233 3950 1296 ἀπάτορα

2366 1340 2460 1390 καὶ
2512 1337 2795 1407 ἀμήτορα’
2828 1332 3201 1404 περιγραπτὸν
3234 1331 3326 1384 καὶ
3356 1329 3766 1396 ἀπερίγραπτον
3806 1338 3820 1351 ·
3854 1322 3950 1371 ἐὰν

2367 1432 2501 1499 γὰρ,
2534 1429 2611 1491 ὡς
2645 1422 2820 1491 εἷπον,
2853 1428 2909 1478 ὲν
2938 1424 3165 1495 ἀληθείᾳ
3192 1421 3365 1475 ταῦτα
3419 1420 3597 1471 πάντα
3636 1420 3690 1468 ὲν
3728 1410 3949 1483 Χριστῷ

2364 1512 2719 1593 κηρύττουσι,
2766 1517 3035 1589 πρόδηλον
3082 1517 3164 1567 ὅτι
3214 1513 3308 1566 δύο
3342 1511 3554 1579 φύσεις,
3581 1509 3675 1560 καὶ
3708 1505 3863 1557 αὐτοὶ
3894 1505 3949 1551 ὲν

2369 1611 2515 1681 αὐτῷ
2550 1611 2796 1678 λέγουσι,
2845 1608 2949 1661 κᾶν
2984 1606 3059 1677 μὴ
3101 1606 3318 1659 θέλωσι.
3384 1601 3568 1655 Ταῦτα
3613 1599 3723 1667 γὰρ
3771 1598 3954 1647 πάντα

2365 1704 2459 1758 δύο
2493 1702 2708 1771 (pust;th
2742 1704 2882 1755 εἰσιν
2918 1700 3206 1768 ἰδιώματα.
3248 1697 3311 1749 Εἰ
3347 1696 3402 1748 δὲ
3464 1694 3558 1745 δύο
3606 1690 3796 1760 φύσεις
3857 1690 3951 1736 ἐπι

2367 1794 2605 1869 Χριστοῦ
2639 1793 2934 1864 ἀρνοῦνται
2972 1792 3175 1860 λέγειν,
3215 1786 3511 1858 προφανῶς
3571 1787 3628 1835 ὲν
3678 1778 3951 1848 φαντασία

677 1891 812 1945 duas
840 1890 891 1945 in
920 1906 986 1945 eo
1015 1902 1268 1957 naturas,
1322 1868 1491 1946 velint
1516 1890 1713 1953 nolint,
1778 1868 2069 1942 allirmaut.
2130 1886 2256 1942 llaec

2372 1887 2526 1940 αὑτὸν
2556 1886 2791 1953 φανῆναι
2827 1884 3076 1951 λέγουσιν
3109 1880 3184 1944 ὼς
3215 1879 3528 1950 ἄνθρωπον,
3563 1873 3656 1926 καὶ
3690 1871 3790 1922 οὐκ
3819 1868 3925 1932 ἀλη

676 1983 879 2051 quippe
910 1982 1185 2044 universa,
1217 1982 1445 2051 propria
1470 1991 1596 2035 sunt
1621 1979 1851 2049 duplicis
1890 1990 2119 2035 naturae.
2166 1978 2256 2033 Si-

679 2074 894 2141 quidem
929 2086 1056 2126 vero
1090 2073 1226 2127 duas
1256 2073 1310 2126 in
1335 2071 1554 2126 Christo
1588 2081 1806 2124 naturas
1831 2071 2135 2124 detrectant
2180 2069 2261 2122 di-

678 2180 822 2232 cere,
848 2166 1026 2235 palam
1051 2174 1306 2221 asserunt
1332 2175 1551 2234 spectro
1585 2175 1742 2218 tenus
1789 2162 2026 2216 hominis
2079 2161 2261 2226 specie

680 2257 1018 2327 apparuisse,
1044 2271 1153 2311 non
1182 2271 1307 2310 vere
1326 2257 1664 2310 incarnatum
1688 2268 1831 2309 esse.
1859 2251 1995 2307 Nam
2032 2252 2256 2321 alioqui,

680 2364 802 2401 cum
826 2350 934 2401 duo
952 2346 1236 2401 nominaiu
1260 2344 1501 2411 Christo,
1523 2343 1689 2399 Deum
1702 2353 1758 2399 et
1780 2344 2052 2398 hominem
2073 2342 2260 2398 dicant

680 2440 856 2495 insani
894 2440 1128 2505 ratione,
1157 2448 1426 2501 naturam,
1452 2439 1553 2491 hoc
1582 2444 1688 2497 est,
1721 2434 1948 2489 alterius
1978 2434 2257 2488 nominum

679 2534 987 2596 veritatem,
1014 2539 1230 2601 negant.
1262 2529 1625 2596 Quamobrem
1666 2535 1943 2596 comperta
2008 2540 2096 2581 res
2148 2534 2256 2586 est.

682 2625 885 2678 nudum
914 2638 1115 2679 nomen
1154 2622 1507 2678 humanitatis
1544 2621 1745 2686 dicere,
1781 2628 1836 2673 ut
1860 2634 1930 2673 ne
1960 2629 2258 2689 arguantur

681 2729 940 2783 tanquam
980 2714 1261 2770 Manichzei
1289 2733 1302 2769 :
1334 2729 1447 2769 rem
1494 2722 1676 2768 autem
1741 2712 1999 2776 nominis,
2060 2724 2258 2779 nempe

2367 1977 2490 2049 θεία
2521 1976 2897 2047 σαρκωθῆναι.
2933 1975 3090 2027 Ἐπεὶ
3126 1975 3174 2025 ει
3207 1972 3281 2041 μὴ
3317 1966 3385 2040 ἦν
3444 1967 3624 2032 τοῦτο,
3685 1964 3799 2025 πῶς
3857 1961 3953 2012 δύο

2362 2070 2607 2140 ὀνόματα
2633 2067 2767 2121 Θεὸν
2792 2067 2887 2120 καὶ
2920 2066 3213 2137 ἄνθρωπον
3258 2063 3350 2115 ἐπὶ
3387 2058 3627 2131 Χριστοῦ
3676 2056 3953 2121 λέγοντες,

2365 2163 2548 2233 φύσιν,
2575 2161 2826 2214 τουτέστι
2849 2161 2950 2229 τὴν
2979 2155 3238 2226 ἀλήθειαν
3271 2154 3364 2206 τοῦ
3407 2153 3525 2214 ἑνὸς
3555 2150 3820 2216 ὀνόματος
3852 2148 3958 2212 ἀρ·

2364 2256 2579 2309 νοῦνται
2612 2253 2662 2306 οἱ
2699 2252 3101 2322 ματαιόφρονες
3138 2268 3152 2314 ;
3192 2247 3355 2301 Ὀθεν
3381 2245 3670 2313 πρόδηλον,
3745 2240 3829 2291 ὅτι
3891 2236 3957 2287 τὸ

2366 2347 2538 2416 ὄνομα
2573 2346 2733 2415 μόνον
2758 2344 2859 2412 τῆς
2883 2341 3304 2413 ἀνθρωπότητος
3334 2336 3611 2404 λέγουσιν,
3640 2332 3729 2384 ἵνα
3774 2330 3848 2397 μὴ
3876 2326 3955 2389 ὡς

2366 2439 2664 2508 Μανιχαῖοι
2696 2435 3034 2505 ἐλεγχθῶσι·
3074 2432 3135 2485 τὸ
3158 2432 3213 2484 δὲ
3253 2431 3489 2499 πρᾶγμα
3517 2424 3612 2477 τοῦ
3666 2422 3955 2489 ὀνόματος.

2367 2531 2468 2601 τὴν
2486 2530 2652 2599 φύσιν
2671 2530 2769 2584 καὶ
2793 2529 2893 2597 τὴν
2918 2525 3181 2594 ἀλήθειαν
3210 2522 3504 2594 ἀρνοῦνται
3526 2538 3538 2550 ·
3558 2517 3752 2570 scala-Ca
3775 2511 3958 2574 τοῦτο,

2368 2624 2460 2676 καὶ
2495 2620 2585 2675 τὸν
2612 2619 3046 2690 Εῦαγγε).ισμδν,
3070 2617 3167 2670 καὶ
3186 2616 3283 2685 τὴν
3301 2614 3561 2680 Γεννησιν
3596 2606 3764 2662 αὐτοῦ
3792 2602 3925 2656 οὒδα
3941 2633 3961 2645 -

2370 2712 2486 2781 μῶς
2516 2711 2886 2782 ἑορτάζουσιν.

682 2818 930 2862 naturam
968 2823 1034 2864 ac
1069 2808 1375 2873 veritatem,
1402 2820 1640 2877 negare:
1687 2820 1751 2860 ac
1779 2804 1899 2859 ideo
1932 2817 2032 2859 nec
2064 2802 2558 2861 Annunciationem
2619 2802 2975 2867 Dominicam,
3014 2812 3117 2853 nec
3175 2796 3290 2865 eius
3324 2792 3673 2849 Nativitatem
3731 2800 3960 2859 prorsus

679 2904 979 2959 celebrare.

1312 3004 1540 3060 CAPUT
1576 3005 1637 3059 V.

1155 3099 1235 3154 De
1261 3098 1460 3155 Christi
1482 3098 1786 3152 sudoribus.

751 3193 1193 3266 Pcrvestigemus
1242 3208 1393 3258 vero,
1454 3205 1591 3260 quas
1646 3190 1724 3243 illi
1772 3190 2011 3257 reliquas
2072 3201 2263 3243 omnes

688 3286 1050 3354 hlasphemias
1080 3301 1141 3340 ac
1169 3285 1549 3347 inliciationes,
1575 3285 1837 3336 adversus
1882 3280 2157 3335 Christum
2200 3293 2263 3332 ac

2874 2981 3275 3039 ΚΕΦΑΛΑΙΟΝ
3311 2979 3387 3034 Ε’.

2633 3079 2771 3149 Περὶ
2801 3081 2921 3133 τῶν
2956 3077 3214 3146 ἱδρώτων
3240 3074 3346 3127 τοῦ
3382 3069 3665 3141 Χριστοῦ.

2442 3181 2519 3233 A'.
2556 3177 2974 3247 Ἐρευνήσωμεν
2994 3175 3088 3227 καὶ
3120 3171 3219 3230 τὰς
3247 3169 3428 3229 πάσας
3460 3166 3640 3219 αὐτῶν
3706 3162 3958 3233 βλασφη-

2374 3268 2502 3340 μίας
2532 3269 2628 3322 καὶ
2658 3266 2943 3335 ἀρνήσεις,
2979 3263 3043 3326 ἃς
3085 3262 3228 3314 κατά
3248 3257 3487 3328 Χριστοῦ
3518 3258 3613 3309 καὶ
3641 3254 3737 3306 τοῦ
3778 3254 3963 3317 Εὐαγ-

685 3376 1061 3446 Evaugelium,
1097 3376 1477 3449 apostolosque
1527 3388 1593 3429 ac
1621 3382 1841 3428 sanctos
1885 3371 2072 3426 Patres
2129 3385 2260 3425 con-

2372 3364 2577 3433 γελίου,
2606 3361 2833 3414 καὶτῶν
2864 3356 3204 3419 ἀποστόλων,
3230 3356 3325 3406 καὶ
3354 3351 3461 3403 τῶν
3496 3350 3668 3417 ἁγίων
3695 3347 3959 3410 Πατέρων

690 3470 981 3522 tinxerunt.
1033 3466 1169 3522 Cum
1237 3468 1529 3522 Christus'
1574 3480 1688 3520 sua:
1766 3464 1956 3518 mortis
2022 3472 2265 3532 tempore

687 3579 872 3626 orans,
924 3580 986 3617 ac
1046 3564 1289 3618 sudorem
1336 3574 1587 3628 tanquam
1653 3568 1832 3632 guttas
1885 3558 2159 3627 sanguinis
2222 3557 2267 3588 “

691 3655 951 3719 deﬂuens,
978 3672 1090 3713 suae
1116 3658 1298 3710 carnis
1327 3665 1574 3709 naturam
1637 3661 1881 3717 astruat;
1941 3652 2268 3720 Christoque

694 3748 1044 3803 adversantes
1070 3746 1309 3802 Armenii
1342 3747 1416 3809 bi,
1446 3746 1646 3815 ejuses
1693 3744 1986 3812 Evangelio
2042 3747 2267 3796 sudores

692 3840 1059 3903 obliterarint,
1114 3839 1206 3908 qui
1259 3853 1362 3891 non
1420 3839 1596 3904 palam
1642 3836 1732 3889 Dei
1779 3835 2077 3889 adversarii
2121 3833 2271 3887 sint?

689 3926 803 3981 Nisi
830 3930 972 3981 enim
1000 3943 1189 3983 revera
1249 3944 1315 3982 eo
1358 3928 1463 3981 tale
1516 3927 1727 3981 facinus
1785 3936 2265 3996 praesumpseruut,

689 4022 817 4088 quia
869 4035 1054 4074 veram
1117 4020 1323 4075 Christi
1378 4019 1810 4074 incarnationem
1860 4018 2091 4089 inliciari
2156 4017 2269 4071 vel-

691 4112 823 4177 lent,
877 4112 1168 4165 ostemlant
1218 4110 1372 4165 nobis
1429 4110 1865 4178 impiihomines,
1915 4108 2266 4179 quamobrem

690 4200 893 4255 Christi
927 4200 999 4255 ita
1025 4202 1254 4254 sudores
1285 4199 1690 4267 expunxerint?
1728 4210 1819 4254 aut
1851 4196 2122 4267 quomodo
2184 4212 2270 4250 sa-

695 4292 993 4360 pientiores
1016 4290 1236 4347 Christo
1259 4300 1315 4345 et
1343 4291 1693 4361 evangelistis
1746 4304 1810 4343 ac
1868 4288 2129 4357 aposrolis
2189 4287 2268 4341 ef-

694 4381 844 4445 fecti,
903 4382 1008 4436 tale
1062 4383 1192 4452 quid
1232 4394 1550 4453 perpetrare
1619 4382 1738 4438 ausi
1798 4382 1945 4436 sint?
1988 4379 2270 4449 Siquidem

692 4475 837 4529 enim
894 4488 1024 4528 vere
1080 4474 1249 4528 Deum
1282 4474 1635 4539 confitentur,
1681 4475 1952 4544 quomodo
2015 4488 2118 4526 non
2180 4471 2270 4525 Dei

694 4569 881 4621 hostes
909 4568 1137 4622 veritate
1159 4568 1449 4633 exsistunt,
1493 4584 1615 4622 cum
1656 4582 1774 4636 qua:
1815 4567 1901 4622 ille
1947 4576 2161 4635 prtestat
2208 4578 2270 4618 ac

695 4660 956 4735 loquitur,
1020 4660 1123 4729 ipsi
1181 4661 1485 4728 approbare
1554 4675 1618 4714 ac
1653 4660 1892 4728 recipere
1925 4658 2135 4711 nolint?
2181 4656 2268 4711 Si-

694 4750 913 4818 quidem
941 4751 1084 4803 enim
1120 4749 1370 4806 Christus
1404 4765 1553 4804 more
1588 4751 1822 4803 hominis
1854 4758 2135 4818 operatur,
2164 4762 2272 4815 quo

694 4858 803 4895 sua:
831 4841 1010 4895 carnis
1041 4848 1290 4894 naturam
1313 4843 1608 4896 astruxerit
1642 4843 1773 4910 :qui
1803 4841 1986 4894 omnia
2018 4840 2267 4894 inliciauo

696 4941 785 4987 tur
806 4944 969 5001 atque
992 4943 1263 4999 evertunt,
1295 4935 1385 5003 qui
1416 4933 1642 4989 omnino
1679 4933 2001 4998 Christiani,
2052 4949 2116 4988 ac
2164 4947 2268 4987 non

696 5027 873 5096 magis
905 5025 1111 5082 Christi
1144 5026 1443 5081 adversarii
1478 5027 1631 5082 sint?

1298 5282 1529 5339 CAPUT
1560 5282 1645 5337 Vl.

1116 5376 1193 5428 De
1225 5394 1381 5445 pane,
1413 5377 1558 5441 vino,
1598 5388 1644 5429 et
1684 5392 1840 5445 aqua.

768 5487 807 5540 Ι.
842 5487 921 5540 Ad
948 5487 1064 5540 hmc
1091 5503 1301 5555 rursus,
1338 5504 1459 5543 cum
1480 5488 1727 5544 Christus
1748 5489 2020 5556 accipiens
2050 5503 2269 5558 panem,

699 5578 942 5645 dansque
968 5579 1244 5647 discipulis
1269 5580 1380 5635 suis
1409 5580 1605 5635 dixerit
1632 5597 1645 5633 :
1683 5582 1934 5649 Accipite,
1962 5582 2216 5634 comedite
2253 5596 2271 5633 :

701 5667 794 5719 hoc
830 5678 904 5722 est
942 5683 1129 5736 corpus
1172 5687 1341 5724 meum
1384 5672 1466 5737 ";
1516 5687 1577 5725 ac
1638 5672 1892 5726 similiter
1947 5687 2071 5727 cum
2127 5672 2273 5726 neci-

776 5851 967 5908 "Luc.
1006 5869 1162 5921 “ut,
1203 5855 1292 5909 Η.
1375 5856 1410 5887 ¹’
1451 5853 1638 5911 Matth.
1690 5871 1837 5922 χχιι,
1891 5854 1982 5909 ‘26.

2373 3456 2707 3509 ὲπλάσαντο.
2744 3451 2832 3503 Ἑν
2859 3450 2937 3520 τῷ
2962 3447 3138 3517 καιρῷ
3176 3445 3269 3498 τοῦ
3304 3444 3513 3504 Πάθους
3575 3439 3665 3492 τοῦ
3713 3436 3958 3506 Χριστοῦ

2372 3543 2834 3615 προσευχομένου,
2874 3542 2968 3593 καὶ
2993 3539 3224 3609 ἱδρῶτας
3248 3536 3383 3588 ὡσεὶ
3414 3532 3692 3603 θρόμϐους
3724 3531 3960 3597 αἳματος

2374 3633 2815 3707 ρεύσαντος,καὶ
2840 3631 2940 3702 τὴν
2997 3630 3159 3698 φύσιν
3214 3627 3312 3693 τῆς
3372 3623 3573 3694 σαρκὸς
3636 3619 3807 3672 αὑτοῦ
3868 3617 3963 3686 βε-

2378 3728 2683 3791 ϐαιοῦντος,
2737 3720 2887 3778 οῦτοι
2938 3723 2988 3773 οἱ
3048 3718 3408 3791 χριστομάχοι
3468 3714 3767 3783 Ἀρμένιοι,
3834 3711 3963 3768 τοὺς

2377 3818 2607 3885 ἱδρῶτας
2647 3814 2814 3869 αὑτοῦ
2864 3814 2927 3865 ἐκ
2963 3812 3057 3864 τοῦ
3121 3807 3453 3875 Εὐαγγε).ίου
3528 3801 3961 3869 ἁπαλείψαντες,

2374 3910 2492 3970 πῦς
2521 3909 2620 3960 οὐκ
2650 3908 2760 3960 εἰσὶ
2796 3903 3091 3976 προφανῶς
3122 3900 3380 3969 θεομάχοι
3407 3914 3421 3963 ;
3477 3897 3540 3949 El
3574 3895 3680 3963 γὰρ
3709 3896 3786 3962 μή
3808 3892 3963 3941 ἐστιν

2376 3999 2597 4069 ἀληθὲς,
2630 4000 2712 4051 ὅτι
2747 3996 2844 4067 τὴν
2864 3996 3125 4065 ἀλήθειαν
3158 3991 3394 4063 Χριστοῦ
3427 3988 3759 4054 σαρκώσεως
3779 3985 3964 4053 ἀρνεῖ-

2376 4092 2500 4144 σθαι
2535 4089 2886 4159 θελήσαντες,
2918 4085 3080 4139 τοῦτο
3118 4084 3343 4151 ποιῆσαι
3381 4078 3675 4149 τολμηρῶς
3706 4078 3811 4128 οὐκ
3834 4080 3965 4141 ἐφ’·

2377 4184 2623 4255 δήθησαν
2648 4197 2664 4213 ⁸
2695 4182 3028 4244 δειξάτωσαν
3058 4179 3189 4248 ἡμῖν
3220 4177 3268 4228 οἱ
3338 4173 3554 4233 ἀσεϐεῖς
3625 4170 3725 4237 τὴν
3780 4169 3965 4219 αἰτίαν

2375 4277 2475 4345 τῆς
2509 4275 2615 4327 τῶν
2645 4273 2886 4344 ἱδρώτων
2919 4258 3487 4340 Χριστοῦάπαλειφῆς
3518 4282 3532 4295 ·
3570 4264 3605 4333 ἦ
3648 4261 3768 4322 πῶς
3820 4277 3959 4327 φρο-

2380 4368 2675 4439 νιμώτεροι
2709 4365 2801 4418 τοῦ
2828 4364 3066 4433 Χριστοῦ
3100 4361 3406 4429 γενόμενοι,
3442 4356 3672 4411 καὶτῶν
3725 4354 3967 4420 εὐαγγε-

2381 4461 2581 4513 λιστῶν
2614 4458 2707 4511 καὶ
2735 4457 3073 4513 ἀποστόλων,
3140 4453 3300 4505 τοῦτο
3354 4452 3562 4516 πρᾶξαι
3623 4448 3964 4513 ἐτόλμησαν.

2393 4554 2520 4605 Ἐἀν
2545 4552 2652 4621 γὰρ
2703 4549 2837 4601 Θεὸν
2859 4547 3073 4617 ἀληθῶς
3104 4544 3451 4613 ὁμολογοῦσι,
3478 4543 3593 4601 πῶς
3615 4538 3832 4606 ἀληθῶς
3866 4537 3968 4586 οὐκ

2380 4643 2490 4696 εἰσὶ
2522 4641 2818 4709 θεομάχοι,
2869 4640 2952 4690 ὅτι
2999 4636 3145 4705 ἅπερ
3200 4637 3409 4696 ἐκεῖνος
3443 4634 3587 4685 ποιεῖ
3643 4632 3737 4681 καὶ
3789 4628 3968 4694 φθέγ-

2383 4752 2560 4802 γεται,
2594 4727 2741 4786 οῦτοι
2770 4732 3074 4801 ἀρεσθῆναι
3100 4730 3161 4781 οὐ
3192 4709 3580 4795 καταδέχονται
3604 4741 3619 4786 ;
3644 4723 3707 4774 El
3735 4722 3833 4789 μὲν
3855 4722 3969 4786 γὰρ

2382 4831 2410 4881 ὁ
2434 4826 2669 4894 Χριστὸς
2695 4824 2912 4893 ἐνεργεῖ
2945 4820 3328 4889 ἀνθρωπίνως,
3360 4821 3461 4888 τὴν
3501 4819 3663 4885 φύσιν
3697 4813 3798 4879 τῆς
3826 4829 3968 4880 σαρ-

2385 4917 2478 4979 κὸς
2511 4914 2680 4967 αὐτοῦ
2715 4912 3098 4965 πιστώσασθαι
3134 4911 3458 4981 βουλόμενος
3486 4924 3500 4937 ⁸
3569 4907 3714 4974 ἆπερ
3756 4907 3968 4964 ἐκεῖνος

2378 5007 2703 5076 ἑνεργεῖκαὶ
2725 5005 3023 5073 φθέγγεται
3059 5002 3417 5073 ἀνθρωπίνως
3440 5001 3620 5053 πάντα
3670 4995 3969 5068 ἀρνοῦντες

2383 5099 2475 5151 καὶ
2497 5100 2917 5170 ἀνατρέποντες,
2938 5096 3055 5159 πῶς
3080 5096 3216 5158 ὅλως
3246 5092 3564 5165 Χριστιανοι
3617 5093 3749 5155 εἰσι,
3786 5091 3882 5142 καὶ
3906 5090 3969 5140 οῦ

2387 5191 2587 5261 μᾶλλον
2606 5191 2968 5261 χριστυμάχοι
2994 5205 3007 5253 ;

2946 5278 3338 5332 κεφΑΑΑιοΝ
3368 5280 3457 5345 ς’.

2384 5374 2523 5444 Περὶ
2549 5373 2655 5427 τοῦ
2689 5373 2895 5442 ἄρτου,
2924 5374 3021 5426 καὶ
3046 5373 3154 5425 τοῦ
3184 5372 3375 5433 οινου,
3402 5370 3500 5423 καὶ
3549 5368 3657 5421 τοῦ
3722 5366 3969 5433 ὓδατος.

2459 5486 2537 5542 A'.
2571 5483 2703 5540 Εἶτα
2732 5487 2896 5541 πάλιν
2926 5486 3017 5539 τοῦ
3052 5488 3288 5556 Χριστοῦ
3318 5483 3580 5544 λαϐόντος
3632 5480 3820 5550 ἄρτον,
3871 5482 3966 5532 καὶ

2384 5581 2565 5641 δόντος
2598 5582 2711 5641 τοῖς
2745 5579 3013 5647 μαθηταῖς
3044 5577 3229 5639 αὑτοῦ,
3257 5578 3349 5629 καὶ
3382 5574 3627 5635 εἰπόντος
3652 5588 3667 5602 °
3719 5571 3971 5631 Λάϐετε,

2388 5670 2602 5740 φάγετε
2629 5686 2640 5698 ·
2674 5670 2851 5723 τοῦτό
2873 5671 3002 5723 ἐστι
3036 5669 3104 5723 τὸ
3154 5667 3325 5735 σῶμὰ
3355 5684 3476 5735 μου
3504 5681 3519 5698 ·
3564 5662 3831 5725 ὡσαύτως
3872 5662 3969 5714 καὶ
