4194 6444
685 401 823 467 1175

1753 392 2002 454 ISAACI
2047 388 2420 451 ARMENUE
2460 386 2868 450 CATIIOLICI

3800 382 3934 449 1176

749 521 838 577 ΙΙΙ.
873 520 978 584 Qui
1025 536 1156 575 vero
1202 518 1490 574 Armenios
1534 530 1638 573 non
1666 516 1849 583 pudet,
1891 514 1945 570 in
1996 524 2110 566 suae
2161 525 2255 564 ne-

2430 510 2505 562 Γ’.
2540 509 2667 574 Πῶς
2719 509 2778 563 δὲ
2828 509 2929 563 οὐκ
2982 508 3335 576 αἰσχύνονται
3384 508 3431 560 oi
3497 505 3801 577 Ἀρμένιοι,
3842 508 3933 558 τὸν

683 615 920 686 gationis
967 626 1159 670 testem
1207 611 1655 681 Chrysostomum
1701 609 2020 677 producere,
2090 617 2249 673 quem

682 710 819 764 ditas
849 721 1071 763 naturas
1097 720 1163 761 ac
1213 705 1351 760 duas
1382 700 1721 770 operatioues
1757 702 1811 755 in
1845 698 2064 754 Christo
2116 711 2254 766 pras-

681 802 976 861 dieantem,
1003 814 1110 851 una
1140 812 1262 851 cum
1294 795 1500 860 sanctis
1521 793 1796 849 universis
1822 789 1998 858 palam
2027 788 2255 843 anathe-

683 889 981 945 matizent?
1010 890 1118 949 Sed
1140 900 1193 945 et
1214 885 1421 945 Christi
1452 889 1700 951 sudores,
1750 900 1887 955 quos
1924 884 2250 955 Chrysosto-

685 998 804 1037 mus
866 997 1083 1052 semper
1134 996 1201 1037 ac
1268 980 1470 1048 ubique
1524 986 1946 1043 commemorat,
2009 992 2075 1032 ac
2131 992 2253 1032 cum

683 1074 872 1143 primis
896 1073 1135 1133 Matthazi
1168 1072 1517 1148 Evangetium
1559 1085 1835 1140 exponens
1879 1070 2017 1143 (νο),
2082 1068 2257 1123 haud-

684 1184 953 1237 quaquam
979 1168 1136 1225 νοτίιί
1161 1178 1291 1223 sunt
1312 1178 1643 1235 expungere,
1676 1178 1741 1218 ac
1781 1165 2009 1218 omnino
2032 1175 2253 1230 negare.

680 1260 832 1325 Quod
879 1275 1043 1332 porro
1070 1261 1232 1325 calix,
1259 1274 1420 1332 quem
1456 1258 1710 1315 Christus
1739 1256 2002 1324 apostolis
2042 1255 2255 1314 tribuit.

684 1354 866 1406 viuum
939 1353 1164 1409 haberet
1215 1362 1270 1406 et
1331 1364 1566 1420 aquam,
1622 1358 1790 1406 testes
1856 1358 1983 1403 sunt
2042 1357 2260 1402 sanctus

681 1444 959 1510 apostolus
1017 1444 1253 1502 Jacobus
1304 1446 1395 1501 ille
1454 1446 1664 1502 Domini
1698 1445 1885 1507 frater,
1917 1459 1981 1499 ac
2046 1442 2258 1497 Marcus

681 1535 1034 1604 evangelista,
1072 1550 1196 1589 cum
1236 1538 1308 1589 ita
1364 1536 1523 1590 ambo
1576 1535 1632 1589 in
1693 1535 1810 1590 suis
1853 1532 2113 1602 Liturgiis
2176 1531 2259 1584 di-

682 1633 811 1677 cunt
844 1641 856 1676 :
893 1623 1150 1681 Similiter
1177 1637 1454 1695 postquam
1520 1625 1761 1687 coenavit,
1810 1624 2071 1690 accipiens
2128 1622 2259 1675 cali-

681 1732 814 1780 cem,
852 1720 1238 1784 etpermisoens
1271 1734 1334 1771 ex
1363 1721 1480 1772 uino
1506 1728 1556 1771 et
1612 1733 1769 1787 aqua,
1818 1718 2021 1786 gratias
2072 1733 2256 1783 agens,

682 1821 745 1859 ac
768 1806 1070 1862 benedicens
1095 1808 1238 1863 dedit
1268 1810 1546 1876 discipulis
1570 1811 1679 1861 suis
1708 1810 1885 1863 dicens
1925 1822 1942 1858 :

683 1912 743 1951 eo
778 1915 956 1954 omnes
988 1916 1007 1955 :
1048 1901 1134 1954 hic
1174 1910 1252 1956 est
1281 1901 1497 1971 sanguis
1522 1917 1688 1966 meus,
1720 1902 1810 1969 qui
1842 1917 1937 1968 pro
1990 1901 2129 1954 vobis
2184 1899 2261 1967 ef-

684 1991 958 2057 fundetur.
992 1993 1161 2048 Plane
1190 2009 1295 2062 qua
1327 1995 1539 2049 ratione
1563 1996 1785 2065 sanguis
1828 1995 1944 2062 ejus
1979 1994 2263 2052 effunden-

685 2084 787 2139 dus
812 2096 952 2149 erat,
982 2102 1044 2141 ea
1084 2103 1304 2159 quoque
1358 2099 1613 2159 tanquam
1667 2104 1835 2147 verax
1893 2105 1958 2145 ac
2004 2089 2266 2160 prtescius

685 2174 908 2231 calicem
937 2178 1105 2233 dedit.

759 2357 853 2415 ιν.
885 2360 1063 2417 Testis
1087 2376 1303 2432 quoque
1350 2378 1577 2434 magnus
1618 2361 1847 2418 Basilius
1880 2362 1968 2417 ubi
1993 2360 2265 2430 liturgiam

688 2453 934 2521 exponit,
966 2453 1060 2509 sed
1090 2462 1147 2510 et
1194 2453 1660 2525 Carthaginiensis
1706 2455 1758 2509 in
1788 2453 1969 2509 Africa
2026 2454 2269 2524 synodus

689 2546 1043 2603 ducentorum
1074 2546 1259 2602 decem
1308 2562 1370 2601 ac
1426 2556 1630 2613 septem
1680 2547 1957 2601 beatorum
2015 2546 2267 2609 Patrum,

692 2652 814 2703 quae
844 2637 1077 2692 Arcadio
1104 2652 1168 2690 ac
1204 2635 1447 2692 ilonorio
1475 2636 1655 2708 Magni
1690 2636 1981 2692 Theodosii
2014 2636 2136 2690 filiis
2163 2635 2270 2689 Au-

692 2726 867 2795 gustis
921 2738 1249 2798 congregata
1288 2736 1392 2791 est,
1449 2730 1573 2781 dum
1600 2728 1651 2781 in
1694 2729 1761 2781 iis
1787 2728 2091 2783 canonibus
2132 2742 2271 2796 quos

691 2821 864 2877 edidit
892 2839 906 2876 :
950 2838 968 2872 ι
1002 2820 1073 2876 Ut
1102 2836 1170 2878 ne
1200 2820 1343 2878 aliud
1377 2822 1675 2891 quidquam
1709 2823 1760 2875 in
1784 2822 1959 2877 sacris
1984 2822 2269 2886 offeratur,

694 2929 858 2983 quam
892 2929 953 2969 ea
984 2913 1160 2969 solum
1189 2929 1309 2983 qua:
1350 2914 1617 2969 Dominus
1660 2916 1878 2968 tradidit
1934 2915 2085 2987 (21);
2147 2932 2166 2966 ο
2218 2924 2276 2967 ut

2358 600 2770 671 Χρυσόστομον,
2816 601 2875 654 ὃν
2928 600 3142 660 ἀσεϐῶς
3187 598 3325 669 μετὰ
3376 598 3595 650 πάντων
3621 598 3731 649 τῶν
3758 598 3934 664 ἁγίων

2359 693 2655 764 προφανῶς
2687 692 3177 762 ἀναθεματίζουσι,
3196 690 3289 746 δύο
3320 691 3513 760 φύσεις
3535 691 3631 741 καὶ
3652 690 3936 757 ἐνεργείας

2359 788 2453 839 ἐπὶ
2485 786 2721 853 Χριστοῦ
2752 786 3119 855 κηρύττοντά,
3175 784 3431 855 μάρτυρα
3470 780 3797 851 προϐάλλειν
3835 779 3936 847 τῆς

2360 880 2574 935 ἑαυτῶν
2620 880 2937 949 ἀρνήσεωςς
2973 877 3084 930 Καὶ
3131 879 3257 939 τοὺς
3309 874 3540 945 ἱδρῶτας
3585 872 3641 925 δὲ
3669 872 3764 923 τοῦ
3798 871 3937 939 Χρι-

2363 969 2517 1035 στοῦ,
2545 968 2637 1031 οὓς
2678 972 2705 1020 ό
2734 968 3125 1039 Χρυσόστομος
3178 964 3511 1037 μνημονεύει
3562 964 3797 1016 πάντοτε
3844 960 3939 1011 καὶ

2361 1059 2665 1130 πανταχοῦ,
2699 1060 2935 1128 μάλιστα
2963 1059 3019 1111 δὲ
3058 1058 3135 1120 εἰς
3166 1057 3265 1126 τὴν
3306 1054 3605 1125 ἑρμηνείαν
3658 1051 3755 1104 τοῦ
3798 1049 3940 1102 κατὰ

2358 1153 2640 1208 Ματθαῖον
2687 1152 3051 1219 Εὑαγγελίου,
3103 1148 3397 1217 άναλεῖψαι
3438 1147 3540 1200 οὐκ
3590 1143 3940 1213 ἐφοϐήθησαν

2360 1246 2458 1299 καὶ
2519 1244 2800 1307 παντελῶς
2848 1240 3217 1314 ἀρνήσασθαιξ
3263 1242 3387 1293 Ὅτι
3441 1239 3552 1309 γὰρ
3595 1238 3863 1305 ποτήριον
3911 1232 3939 1285 ὃ

2362 1336 2603 1403 Χριστὸς
2659 1338 2777 1398 τοῖς
2816 1334 3138 1395 ἀποστόλοις
3178 1331 3437 1394 δέδωκεν,
3484 1325 3627 1382 οἶνον
3668 1326 3763 1378 καὶ
3795 1324 3941 1392 ὕδωρ

2361 1422 2501 1496 εἶχε,
2560 1427 2777 1496 μάρτυς
2829 1427 2857 1478 ὁ
2899 1424 3056 1491 ἅγιος
3104 1420 3406 1479 ἀπόστολος
3434 1415 3695 1478 Ἰάκωϐος
3725 1417 3753 1467 ὁ
3789 1413 3943 1465 ἀδελ-

2362 1519 2578 1588 φόθεος,
2622 1518 2717 1571 καὶ
2766 1517 2996 1586 Μάρκος
3040 1516 3069 1565 ὁ
3119 1510 3537 1581 σὺαγγελιστὴς,
3578 1510 3635 1560 ὲν
3659 1507 3779 1567 ταῖς
3816 1506 3943 1557 Λει-

2361 1614 2644 1683 τουργίαις
2677 1614 2932 1682 ἑκάτεροι
2960 1611 3105 1663 οὕτω
3129 1608 3380 1677 λέγοντες
3408 1621 3421 1635 ο
3458 1605 3764 1666 Ὡσαύτως
3790 1600 3944 1668 μετὰ

2363 1708 2432 1763 τὸ
2470 1706 2819 1774 δειπνῆσαι,
2843 1704 3045 1759 λαϐὼν
3085 1701 3396 1769 ποτήριον,
3436 1699 3533 1751 καὶ
3578 1694 3844 1762 κεράσας
3874 1690 3941 1753 ἐξ

2002 1806 2172 1860 Bibite
2195 1823 2260 1860 ea:
2295 1846 2333 1865 ,,
2365 1802 2537 1856 οινου
2562 1800 2919 1864 καὶῦδατος,
2962 1793 3439 1865 εὐχαριστήσας,
3464 1790 3561 1843 καὶ
3595 1784 3944 1852 εὐλογήσας

2363 1893 2550 1947 ἔδωκε
2585 1891 2712 1957 τοῖς
2736 1888 3035 1960 μαθηταῖς
3058 1885 3248 1941 αὑτοῦ
3278 1884 3466 1939 εἰπὼν
3486 1898 3500 1911 ο
3528 1882 3698 1935 Πίετε
3737 1878 3807 1941 ἐξ
3838 1878 3946 1928 αὐ-

2366 1986 2472 2040 τοῦ
2506 1983 2732 2050 πάντες
2765 2000 2778 2013 ο
2814 1981 2996 2036 τοῦτό
3022 1982 3155 2035 ἐστι
3201 1979 3268 2032 τὸ
3311 1972 3455 2046 αἷμά
3496 1991 3615 2042 μου
3636 2014 3650 2034 ,
3684 1972 3748 2023 τὸ
3788 1966 3944 2034 ὑπὲρ

2365 2078 2534 2150 ὑμῶν
2562 2076 2996 2146 ὲκχυνόμενογ.
3021 2074 3248 2134 Πάντως
3265 2070 3374 2140 γάρ
3404 2062 3545 2121 οἶνον
3569 2063 3685 2135 (19)
3716 2061 3945 2131 ἔμελλεν

2366 2172 2664 2242 ἐκχυθῆναι
2710 2169 2773 2222 τδ
2823 2165 2965 2238 αἷμα
3000 2166 3190 2228 αὐτοῦ,
3236 2164 3413 2224 οὕτως
3452 2162 3525 2223 ὡς
3558 2155 3802 2226 ἀψευδὴς
3851 2154 3947 2207 καὶ

2369 2263 2753 2337 προγνώστης,
2788 2264 2884 2314 καὶ
2913 2260 2973 2313 τὸ
3009 2260 3270 2330 ποτήριον
3304 2256 3463 2309 ἕδιδε.

2438 2363 2511 2413 Δ’.
2543 2358 2834 2427 Μαρτυρεῖ
2866 2355 2961 2409 καὶ
3003 2353 3177 2424 μέγας
3208 2350 3487 2411 Βασίλειος
3513 2349 3656 2417 ὲντῇ
3682 2341 3951 2416 ἑρμηνεία

2369 2453 2470 2521 τῆς
2522 2449 2874 2522 λειτουργίας
2916 2466 2931 2480 ⁸
2990 2450 3087 2501 καὶ
3139 2447 3173 2516 ἡ
3231 2446 3289 2497 ὲν
3348 2442 3677 2512 Καρταγένῃ
3734 2436 3791 2489 δὲ
3848 2434 3950 2501 τῆς

2383 2546 2670 2617 Ἀφρικῆς,
2706 2545 2799 2596 ἐπὶ
2843 2541 3133 2611 Ἀρκαδὶου
3175 2538 3270 2591 καὶ
3323 2535 3586 2604 Ὀνωρῐου
3634 2531 3741 2584 τῶν
3794 2528 3952 2597 βασι-

2372 2640 2509 2692 λέων
2534 2638 2630 2691 καὶ
2662 2636 2793 2689 υἱῶν
2816 2632 3102 2687 Θεοδοσίου
3148 2629 3242 2683 τοῦ
3287 2626 3542 2695 Μεγάλου
3596 2619 3952 2679 συνελθοῦσα,

2372 2735 2482 2787 τῶν
2545 2732 2645 2795 σις’
2695 2712 2996 2799 ’μακαρίων
3054 2725 3317 2793 ιιατέρων
3371 2720 3624 2781 σύνοδος,
3682 2712 3956 2783 μαρτυρεῖ

2376 2830 2456 2889 είς
2491 2826 2617 2888 τοὺς
2666 2824 2903 2885 κανόνας
2950 2821 3120 2889 αὐτῆς
3150 2817 3384 2885 λέγουσα
3429 2814 3635 2873 οὕτως·
3675 2827 3694 2859 ι
3735 2808 3857 2860 Ἱνα
3898 2806 3957 2856 ὲν

2375 2922 2488 2983 τοῖς
2541 2917 2719 2986 ἁγίοις
2773 2914 2942 2985 μηδὲν
2994 2912 3159 2965 πλέον
3213 2907 3556 2980 προσάγειν,
3592 2903 3639 2953 εἰ
3677 2902 3753 2969 μὴ
3792 2898 3955 2967 μόνον

694 3009 855 3074 nihil,
887 3008 1135 3078 inquam,
1170 3017 1371 3078 praeter
1396 3023 1589 3078 partem
1628 3018 1683 3063 et
1722 3010 1906 3061 viuum
1962 3024 2100 3077 aqua
2170 3009 2273 3061 tui-

2379 3012 2515 3081 ὃπερ
2548 3012 2575 3062 ό
2611 3006 2817 3078 Κύριος
2870 3001 3158 3073 παρέδωκε
3194 3016 3208 3031 ·
3258 3016 3275 3049 ι
3321 2995 3602 3048 τουτέστιν
3641 2990 3809 3057 ἄρτον
3863 2986 3956 3036 καὶ

698 3112 866 3166 stum,
899 3102 1167 3157 decernit.
1200 3101 1354 3156 Sicut
1376 3116 1508 3171 ergo
1551 3116 1746 3170 aquam
1777 3115 1840 3154 ac
1897 3102 2080 3153 vinum
2129 3115 2278 3154 com—

2379 3078 2521 3157 οἶνον
2571 3102 2669 3155 καὶ
2715 3100 2909 3160 ὓδατος
2943 3095 3058 3167 (22)
3113 3092 3478 3164 μεμιγμένον.
3516 3080 3729 3138 Οὐκοῦν
3764 3078 3958 3144 ὥσπερ

695 3195 1010 3257 miscentes,
1044 3196 1116 3249 ita
1151 3194 1458 3250 sumimus:
1494 3208 1593 3248 nec
1622 3194 1689 3248 ab
1724 3192 1956 3247 invicem
1987 3193 2167 3246 viuum
2219 3200 2271 3246 et

2382 3196 2441 3248 τὸ
2477 3195 2623 3263 ὕδωρ
2652 3195 2747 3245 καὶ
2776 3192 2868 3244 τὸν
2900 3185 3043 3241 οἶνον
3093 3183 3389 3255 κιρνῶντες
3411 3219 3426 3242 ,
3464 3176 3639 3238 οὕτως
3676 3172 3962 3243 μεταλαμ-

697 3302 895 3358 aquam
929 3301 1272 3357 separamus,
1308 3297 1402 3341 aut
1434 3287 1666 3343 seorsim
1702 3286 1932 3338 alterum
1978 3285 2044 3337 ab
2104 3284 2276 3337 altero

2380 3262 2638 3357 ϐἀνομεν,
2678 3286 2741 3339 οὐ
2778 3282 3108 3355 χωρίζοντες
3134 3277 3228 3331 ἀπ’
3256 3274 3503 3343 ἀλλήλων
3535 3270 3629 3322 τὸν
3670 3263 3815 3320 οἶνον
3864 3262 3962 3314 καὶ

697 3380 929 3434 facimus
950 3420 965 3442 .
994 3380 1088 3435 sed
1122 3381 1175 3435 in
1207 3394 1316 3435 uno
1347 3380 1765 3434 commiscentcs
1817 3377 2008 3443 calice,
2064 3377 2277 3432 sacriﬁ-

2381 3384 2442 3436 τδ
2471 3354 2640 3452 ὕδωρ,
2665 3379 2793 3433 οὐδὲ
2843 3354 3189 3449 διῃρημένως
3220 3369 3360 3423 αὐτὰ
3392 3365 3763 3436 προσάγοντες
3792 3399 3806 3421 ,
3843 3354 3962 3409 ἀλλ’

697 3473 784 3526 cio
804 3466 1082 3529 offerimus
1108 3490 1121 3526 :
1167 3472 1245 3528 sic
1271 3482 1323 3528 et
1351 3476 1487 3527 duas
1508 3470 1717 3525 Christi
1753 3476 1995 3530 naturas,
2058 3467 2276 3521 deitatis

2384 3478 2465 3529 ἐνὶ
2510 3450 2760 3542 ποτηρίῳ
2810 3466 3102 3539 μιγνύντες
3156 3461 3548 3532 προσφέρομεν
3605 3456 3685 3515 εἰς
3739 3450 3960 3509 θυσίαν,

700 3578 766 3617 ac
797 3565 1000 3631 carnis,
1036 3563 1088 3619 in
1125 3578 1226 3617 una
1264 3578 1495 3632 persona
1546 3576 1765 3632 unaque
1796 3561 2071 3629 hypostasi
2119 3558 2278 3612 conli-

2383 3572 2529 3623 οὕτω
2563 3567 2657 3619 καὶ
2686 3565 2782 3625 τὰς
2816 3560 2857 3632 β’
2890 3559 3083 3629 φύσεις
3113 3556 3211 3625 τῆς
3248 3554 3499 3619 Θεὸτητος
3519 3548 3612 3600 καὶ
3638 3545 3737 3613 τῆς
3758 3541 3965 3612 σαρκὸς

703 3666 901 3721 temur,
957 3672 1057 3712 nec
1120 3656 1229 3711 ullo
1283 3657 1445 3711 modo
1495 3658 1636 3709 inter
1685 3669 1745 3708 se
1792 3666 2133 3720 separamus,
2200 3650 2278 3705 uti

2382 3660 2477 3715 τοῦ
2510 3654 2771 3728 Χριστοῦ,
2803 3655 2879 3717 είς
2910 3652 2968 3704 ἐν
3004 3650 3297 3716 τμρόσωπον
3322 3640 3692 3713 ὁμολογοῦμεν
3715 3636 3811 3688 καὶ
3836 3633 3965 3701 μίαν

700 3750 900 3805 Christi
932 3750 1229 3804 adversarii
1258 3757 1572 3816 nugantur:
1612 3746 1688 3800 uti
1736 3745 1895 3814 plane
1946 3752 2000 3797 et
2050 3743 2148 3806 illi,
2200 3741 2278 3795 vi-

2387 3723 2711 3813 ὑπόστασιν,
2765 3746 2825 3799 οὐ
2872 3741 3199 3813 χωρίζοντες
3234 3735 3403 3797 αὐτὰς
3445 3733 3540 3785 ἀπ’
3584 3726 3857 3811 ἀλλήλω-ι,
3891 3723 3969 3782 ῶς

703 3859 832 3897 nutu
864 3845 1130 3897 duntaxat
1183 3840 1457 3896 sacriﬁcio
1494 3839 1806 3904 offerentes,
1833 3837 2000 3891 solam
2038 3836 2091 3889 in
2127 3834 2278 3888 Chri-

2387 3845 2437 3897 oi
2464 3839 2825 3914 χριστομάχοι
2878 3832 3222 3904 φλυαροῦσιν
3258 3845 3271 3857 ·
3318 3825 3508 3892 ῶσπερ
3557 3820 3651 3873 οῦν
3693 3818 3965 3877 κάκεῖνοι,

703 3944 792 3990 sto
827 3934 1082 3991 deitatem
1126 3934 1443 4003 praedicant,
1472 3934 1697 4003 ejusque
1726 3930 2158 3985 incarnationem
2192 3940 2278 3981 nc-

2387 3907 2533 3990 οῐνον
2568 3907 2729 4003 μόνον
2745 3907 2837 3993 εἰς
2868 3926 3058 3981 θυσίαν
3088 3921 3460 3993 προσάγοντες
3483 3954 3498 3977 ,
3530 3914 3767 3981 Θεότητα
3797 3907 3968 3978 μόνην

703 4038 854 4100 gum.

1287 4226 1519 4285 CAPUT
1555 4225 1666 4281 VII.

1130 4323 1203 4377 De
1231 4338 1367 4389 pane
1423 4330 1469 4373 et
1508 4332 1695 4386 azyma
1736 4314 1871 4384 (25).

776 4418 820 4476 l.
848 4416 963 4485 Qua
998 4415 1163 4470 etiatu
1199 4415 1408 4469 ratione
1436 4426 1632 4480 panem
1669 4422 1918 4479 azymum
1980 4404 2286 4459 .ludaeorum

706 4525 859 4565 more
895 4508 1188 4563 offerentes
1225 4505 1369 4559 nulla
1431 4505 1632 4558 unione
1684 4500 2033 4556 commistum
2067 4513 2083 4550 :
2128 4495 2290 4549 unius
2324 4535 2365 4589 υ

707 4617 899 4658 rursus
925 4609 1134 4654 natura:
1155 4638 1171 4664 ,
1199 4597 1390 4663 solius,
1424 4595 1665 4664 inquam,
1696 4591 1911 4644 deitatis
1967 4586 2286 4658 mysterium

708 4693 941 4747 faciunt.
980 4689 1261 4760 Siquidem
1292 4687 1437 4742 enim
1474 4686 1547 4739 illi
1596 4697 1814 4753 quoque
1875 4678 2111 4734 offerunt
2159 4690 2288 4741 azy-

708 4801 881 4849 iuum,
920 4784 1048 4855 quid
1080 4798 1189 4852 pra:
1236 4779 1436 4835 Judseis
1492 4777 1771 4847 amplioris
1819 4772 2060 4844 mysterii
2121 4768 2293 4825 confi-

713 4876 929 4933 tentur?
990 4873 1080 4930 Uti
1107 4874 1250 4927 enim
1300 4870 1471 4925 Judaei
1528 4868 1743 4937 quidem
1803 4863 2292 4925 circumciduntur,

712 4983 813 5022 nos
845 4974 1025 5020 autem
1058 4965 1433 5035 haptizamur;
1461 4977 1525 5017 ac
1552 4960 1693 5014 sicut
1738 4958 1816 5013 illi
1882 4955 2101 5011 Patrem
2157 4953 2294 5006 dun-

715 5066 867 5113 taxat
897 5055 1063 5110 Deum
1097 5054 1445 5114 confitentur,
1479 5065 1577 5104 nos
1608 5063 1736 5103 vero
1779 5060 1884 5099 una
1937 5059 2060 5100 cum
2111 5042 2294 5105 Patre,

715 5148 912 5203 Filium
931 5159 1145 5217 quoque
1184 5159 1250 5199 ac
1278 5141 1540 5210 Spiritum
1562 5148 1847 5201 sanctum;
1882 5136 1957 5188 uti
1991 5134 2063 5187 illi
2094 5146 2293 5203 agnum

717 5240 1096 5301 immolabant,
1132 5237 1225 5307 qui
1256 5235 1475 5304 quidem
1502 5242 1626 5287 erat
1675 5229 1881 5286 Christi
1952 5229 2146 5295 figura,
2199 5237 2302 5278 nos

720 5341 899 5388 autem
962 5330 1188 5385 minime
1242 5330 1354 5399 jam
1414 5339 1613 5395 agnum
1663 5321 2026 5383 immolamus,
2085 5316 2177 5387 qui
2222 5324 2307 5370 est

720 5427 919 5496 figura,
952 5424 1045 5480 sed
1072 5422 1351 5477 Christum
1393 5418 1590 5487 ipsum,
1643 5416 1734 5485 qui
1794 5422 1876 5468 est
1929 5411 2176 5465 veritas:
2227 5406 2310 5461 sic

794 5583 906 5653 (i9)
938 5581 1078 5653 Lege
1106 5573 1235 5653 pinv:

796 5644 908 5721 (⁸20)
941 5644 1139 5704 ΙΙοῖιιὶΙ.
1174 5648 1263 5721 8i,
1296 5644 1566 5721 in_Mat_th.

795 5710 906 5791 (εδδ
942 5724 1128 5777 Graeca
1162 5718 1411 5791 collectio
1445 5710 1800 5791 οἶνον-ὕδατι.

798 5781 912 5853 ἰίὶεέ)
949 5792 1131 5844 Graeca
1160 5787 1296 5843 Coll.
1333 5802 1453 5841 can.
1479 5785 1568 5845 57.
1600 5785 1785 5838 Latina
1821 5781 1910 5834 24.

798 5852 911 5935 (εὖ)
945 5858 1340 5929 Congrueutias
1365 5872 1500 5926 (pias
1535 5856 1621 5910 hic
1656 5853 1829 5918 alicrt,
1867 5856 1945 5910 sic
1974 5852 2151 5908 valete
2187 5864 2308 5919 pos-

2390 4030 2448 4080 ὲν
2479 4023 2704 4095 Χριστῷ
2751 4020 3130 4091 κηρύττουσι,
3181 4013 3278 4083 τὴν
3327 4010 3609 4079 σάρκωσιν
3643 3999 3813 4056 αὑτοῦ
3864 4001 3968 4069 ἁρ-

2391 4119 2480 4172 νον
2491 4135 2661 4189 μενοι.

2926 4194 3328 4258 ΚΕΦΑΛΑΙΟΝ
3368 4196 3444 4247 Z'.

2645 4300 2786 4369 Περὶ
2817 4296 2922 4353 τοῦ
2947 4295 3130 4363 ἄρτου
3169 4289 3266 4344 καὶ
3304 4285 3408 4340 τοῦ
3444 4281 3688 4352 ἀζύμου.

2465 4398 2544 4451 Α’.
2590 4368 2808 4461 Ὥσπερ
2835 4385 2927 4444 οῦν
2957 4386 3056 4441 καὶ
3086 4385 3179 4438 τὸν
3208 4382 3370 4451 ἄρτον
3403 4378 3613 4445 ἄζυμον
3662 4368 3974 4431 Ἰουδαϊκῶς

2396 4487 2794 4557 προσάγοντες,
2842 4482 3078 4550 ἄμικτον
3125 4474 3237 4528 άπδ
3272 4470 3453 4538 πάσης
3496 4466 3766 4527 ένώσεως,
3814 4463 3975 4514 πάλιν

2401 4554 2533 4647 μιᾶς
2568 4579 2807 4645 φύσεως,
2862 4568 3119 4637 θεότητος
3177 4563 3345 4633 μόνης
3381 4556 3601 4610 ποιοῦσι
3653 4554 3974 4622 μυστήριον.

2398 4644 2461 4725 Εἰ
2492 4644 2599 4739 γὰρ
2625 4666 2833 4735 ἄζυμον
2867 4663 2926 4716 δὲ
2961 4661 3057 4712 καὶ
3092 4652 3264 4715 οὗτοι,
3292 4653 3346 4704 τί
3374 4646 3765 4719 περισσότερον
3784 4644 3977 4710 ὁμολο-

2398 4737 2928 4833 γοῦσινμυστήριοη
2955 4752 3170 4818 Ὠσπερ
3196 4746 3306 4815 γὰρ
3352 4742 3595 4810 Ἰουδαῖοι
3620 4737 3982 4807 περιτέμνον-

2397 4826 2511 4917 ται,
2537 4826 2698 4921 ἡμεῖς
2731 4847 2789 4900 δὲ
2827 4840 3209 4915 βαπτιζόμεθα
3241 4853 3253 4866 ·
3285 4837 3381 4889 καὶ
3427 4832 3618 4898 ῶσπερ
3650 4830 3856 4881 ἐκεῖνοι
3894 4826 3983 4876 τὸν

2403 4914 2626 5014 Πατέρα
2661 4914 2837 5009 μόνον
2856 4934 2992 4988 θεὸν
3024 4926 3387 5001 ὁμολογοῦσιν
3417 4936 3432 4951 ·
3461 4924 3624 4992 ἡμεῖς
3662 4919 3721 4973 δὲ
3773 4919 3874 4970 σὺν
3909 4914 3985 4984 τῷ

2400 5009 2600 5105 Πατρλ,
2632 5033 2724 5085 τὸν
2755 5028 2885 5083 Υίὸν
2918 5026 3013 5080 καὶ
3065 5023 3126 5076 τὸ
3168 5019 3397 5087 Πνεῦμα
3444 5016 3505 5068 τὸ
3551 5013 3707 5080 ἅγιον
3745 5028 3759 5040 ·
3794 5009 3987 5076 ῶσπερ

2402 5098 2563 5199 ἔθυόν
2593 5128 2795 5178 ἐκεῖνοι
2827 5119 3127 5192 πρόϐατον,
3192 5113 3256 5167 τὸ
3295 5112 3354 5165 δὲ
3401 5106 3679 5179 πρόϐατον
3710 5103 3890 5163 τύπος
3923 5098 3988 5166 ἦν

2402 5219 2497 5274 τοῦ
2528 5192 2813 5285 Χριστοῦ·
2869 5212 3032 5283 ἡμεῖς
3083 5208 3162 5269 δὲ,
3215 5204 3406 5257 οὐκέτι
3448 5198 3655 5267 θύομεν
3710 5192 3990 5261 πρόϐατον

2404 5314 2580 5380 ὅσπερ
2605 5310 2721 5362 ἐστι
2776 5305 2948 5367 τύπος
2980 5317 2995 5332 ·
3069 5298 3205 5352 ἀλλὰ
3274 5295 3367 5348 τὸν
3414 5289 3654 5363 Χριστὸν
3690 5287 3858 5339 αὐτὸν
3892 5285 3992 5350 τὴν

2405 5376 2670 5474 ἀλήθειαν
2701 5414 2716 5429 ·
2746 5396 2923 5461 οὕτως
2973 5393 3096 5447 οὐδὲ
3136 5391 3303 5460 ἄρτον
3356 5384 3569 5454 ἄζυμον
3615 5380 3864 5449 Θύομεν,
3917 5376 3991 5437 ὡς

2415 5568 2541 5617 sunt
2568 5573 2669 5629 pro
2703 5555 3014 5629 Graecorum
3056 5544 3471 5629 consuetudine,
3494 5538 3830 5629 ut_L:L:tinam
3868 5534 3995 5629 nihil

2417 5611 2734 5686 inlirtneut:
2781 5625 3069 5693 plurimum
3111 5632 3239 5693 vero
3295 5613 3504 5668 roboris
3555 5611 3755 5693 trahent
3807 5613 3993 5685 contra

2416 5676 2734 5827 λ’ἆῧὲὶῖίόὲζ
2760 5676 2956 5767 quiin
2985 5706 3098 5748 suae
3145 5688 3417 5742 haereseos
3455 5680 3760 5754 symbolum
3796 5676 3996 5747 azymis

2417 5783 2503 5827 ute
2545 5779 2725 5825 antur.

2417 5779 2725 5828 utebantur.
