4194 6444
205 382 349 444 1177

1280 394 1568 454 ORATIO
1607 399 1632 456 Ι
1673 396 1973 460 CONTRA
2015 404 2432 470 ARMENIOS.

3313 413 3459 477 1178

208 498 413 550 ἐκεῖνοι
449 498 656 563 ἀτελῶς
678 515 694 530 ·
720 502 893 574 ὅσπερ
921 504 1037 558 ἐστὶ
1091 506 1261 571 τύπος
1299 510 1461 578 μόνον
1485 553 1499 579 ,
1533 513 1627 565 καὶ
1655 511 1775 565 σκιᾶ

1889 529 2063 583 neque
2085 533 2331 588 azymum
2366 538 2580 589 panem,
2607 523 2682 576 uti
2714 523 2790 576 illi
2835 524 3148 589 imperfecte
3179 530 3456 581 sacriﬁca-

202 589 302 640 τοῦ
338 591 615 660 ἡμετέρου
660 591 830 661 ἄρτου
860 610 877 626 ο
926 596 1043 648 ἀλλ’
1079 598 1244 665 ἄρτον
1276 600 1483 654 τέλειον
1518 616 1533 631 ⁶
1570 603 1777 655 τέλειον

207 676 504 747 ἄνθρωπον
541 682 799 750 Χριστὸν,
831 684 923 736 τὸν
948 688 1368 758 σεσαρκωμένον
1392 690 1546 754 Θεὸν,
1576 691 1662 744 διὰ
1684 692 1780 746 τοῦ

204 769 417 823 τελείου
448 772 640 841 ἄρτου,
670 778 761 827 καὶ
800 775 920 845 (24)
955 779 1049 831 τοῦ
1086 779 1339 849 σώματος
1367 782 1534 835 αὑτοῦ
1574 784 1778 854 κηρύτ-

202 877 417 927 τοντες.
470 866 679 935 Ὠσπερ
736 870 846 939 γὰρ
899 872 1099 925 ἐκεῖνοι
1140 874 1236 925 ἕνα
1292 875 1385 927 καὶ
1444 877 1607 944 μόνον
1637 874 1782 947 εἶχον

202 952 336 1005 ναὸν
368 957 427 1007 ὲν
469 955 834 1031 Ἰερουσαλήμ
862 979 876 993 ·
912 964 1075 1031 ἡμεῖς
1102 964 1157 1017 δὲ
1189 965 1418 1027 πολλοὺς
1444 970 1585 1020 κατά
1611 969 1781 1024 τόπον

202 1045 620 1117 ἀναριθμήτους
656 1066 668 1078 ·
698 1053 792 1103 καὶ
824 1052 1014 1125 ῶσπερ
1046 1058 1243 1110 ἐκεῖνος
1273 1057 1335 1109 τὸ
1363 1061 1552 1129 Πάσχα
1589 1063 1647 1113 ὲν
1683 1061 1782 1115 Ἰε-

205 1139 498 1208 ρουσαλὴμ
550 1142 714 1210 μόνον
759 1146 1012 1200 ἐτέλουνο
1059 1152 1225 1220 ἡμεῖς
1253 1151 1307 1204 δὲ
1353 1154 1408 1205 ὲν
1442 1154 1594 1225 πάσῃ
1627 1157 1781 1210 πόλει

203 1233 548 1303 ἑορτάζομεν
570 1254 583 1267 ·
612 1240 705 1290 καὶ
738 1239 925 1309 ὥσπερ
971 1244 1170 1297 ἐκεῖνοι
1198 1246 1258 1297 τὸ
1303 1247 1495 1317 Πάσχα
1534 1252 1601 1320 τῇ
1657 1267 1781 1303 τεσο

205 1329 685 1401 σαρεσκαιδεκὰτῃ
718 1333 817 1402 τῆς
864 1334 1095 1405 σελήνης
1143 1338 1529 1408 ἑορτάζουσιν,
1561 1343 1619 1395 ὲν
1713 1343 1780 1397 ἄν

202 1420 388 1490 ἡμέρᾳ
428 1426 744 1494 καταντήσῃ
782 1440 796 1455 ·
830 1428 990 1497 ἡμεῖς
1024 1430 1102 1493 δὲ,
1146 1432 1203 1483 ὲν
1244 1432 1497 1504 κυριακῇ
1524 1436 1776 1502 πάντοτε,

205 1512 387 1565 πάντα
441 1518 835 1585 περισσότερον
884 1522 1015 1590 παρ’
1064 1522 1310 1586 ἐκείνους
1354 1524 1569 1593 ἔχοντες
1596 1545 1608 1557 ³
1636 1528 1780 1581 οὕτω

204 1604 370 1670 δῆλον
398 1607 480 1659 ὅτι
506 1610 599 1661 καὶ
632 1611 659 1662 6
690 1612 855 1681 ἄρτος
885 1613 987 1681 τῆς
1025 1613 1212 1679 θυσίας
1261 1617 1416 1685 ἡμῶν
1458 1622 1778 1691 περισσότε-

204 1711 301 1763 ρος
336 1696 545 1764 ὀφείλει
579 1697 739 1765 εἶναι,
776 1702 874 1754 καὶ
903 1702 1235 1775 τελειότερον
1254 1708 1395 1777 ὑπὲρ
1417 1711 1524 1762 τῶν
1551 1711 1779 1779 ἀζύμων

1888 622 2028 671 mus,
2055 611 2144 678 qui
2174 620 2257 667 est
2287 622 2491 666 tantum
2526 615 2695 684 tigura
2729 630 2792 669 ac
2817 616 3006 669 umbra
3041 620 3194 683 panis
3249 623 3453 686 nostri;

1884 696 1981 751 sed
2014 698 2307 766 perfectum
2343 718 2553 771 panem,
2589 705 2888 773 perfectum
2952 708 3220 762 hominem
3264 707 3455 765 Chris-

1887 796 1997 841 tum
2058 789 2226 844 Deum
2285 794 2645 857 incarnatum,
2706 798 2928 867 perfecti
2977 801 3133 868 panis
3184 804 3452 872 symbolo,

1885 896 1993 935 una
2022 896 2144 937 cum
2175 899 2401 952 corpore
2424 890 2798 953 praedicantes.
2831 890 2964 943 Nam
2997 892 3137 945 sicut
3159 893 3231 945 illi
3290 910 3450 949 unum

1884 975 2148 1028 duntaxat
2176 973 2563 1048 Hierosolymis
2588 979 2857 1033 habebant
2886 982 3166 1050 templum,
3195 999 3293 1037 nos
3352 1000 3451 1038 au-

1885 1076 1988 1118 tem
2018 1067 2166 1132 plura
2199 1068 2285 1124 hic
2319 1069 2429 1122 illic
2460 1070 2909 1139 innumerabilia;
2944 1091 3004 1130 ac
3044 1079 3183 1130 sicut
3215 1076 3289 1129 illi
3323 1075 3451 1130 llieo

1887 1158 2171 1226 rosolymis
2202 1159 2373 1212 solum
2396 1158 2606 1216 Pascha
2637 1162 3006 1228 celebrabant,
3051 1182 3146 1223 nos
3188 1178 3366 1222 autem
3401 1168 3452 1221 in

1882 1250 2027 1303 omni
2060 1249 2395 1305 celebramus
2424 1256 2592 1321 urbe;
2621 1263 2784 1324 atque
2820 1265 2875 1308 ut
2904 1256 2977 1309 illi
3009 1258 3281 1312 celebrant
3330 1260 3452 1313 luna

1882 1353 2081 1411 quarta
2108 1342 2339 1409 decima,
2367 1349 2928 1416 quacunquetandem
2980 1350 3065 1402 illa
3126 1351 3210 1404 die
3260 1367 3453 1406 occur-

1885 1444 1967 1488 rat
1998 1450 2014 1489 :
2051 1447 2150 1489 uos
2178 1443 2355 1489 autem
2391 1449 2607 1502 semper
2651 1436 2922 1491 Dominica
2967 1440 3075 1501 die,
3110 1440 3290 1490 omnia
3346 1452 3454 1505 pra:

1884 1524 1985 1579 illis
2016 1525 2278 1594 ampliora
2305 1525 2564 1578 habentes
2599 1542 2611 1577 :
2652 1525 2721 1578 ita
2751 1524 2935 1593 liquet,
2968 1542 3064 1594 par
3092 1541 3235 1589 esse,
3267 1536 3324 1579 ιιι
3356 1543 3453 1579 nov

1881 1616 1978 1667 stri
2034 1629 2244 1683 quoque
2289 1616 2536 1670 sacrificii
2573 1618 2726 1687 panis
2770 1625 3009 1684 praestet,
3052 1632 3115 1670 ac
3166 1618 3453 1683 perfectior

1882 1707 1953 1761 sit
1991 1711 2195 1778 azymis
2240 1707 2573 1772 Judzeorum,
2608 1710 3060 1777 quemadmodum
3105 1710 3179 1761 ait
3234 1718 3453 1763 sanctus

200 1787 315 1838 τῶν
361 1790 693 1852 Ἰουδαϊκῶν,
731 1795 915 1857 καθώς
950 1813 1115 1865 φησιν
1148 1802 1174 1850 6
1208 1799 1365 1866 ἅγιος
1396 1801 1606 1865 Παῦλος
1631 1846 1644 1867 ,
1684 1805 1775 1856 καὶ

1886 1797 2082 1852 Paulus
2130 1814 2195 1853 ac
2244 1799 2537 1870 Gregorius
2593 1798 2940 1869 Theologus:
2989 1799 3176 1855 Vetera
3228 1800 3455 1854 transie-

202 1879 513 1950 Γρηγόριος
547 1883 811 1953 Θεολόγος
840 1904 852 1917 ·
895 1906 914 1937 ι
948 1888 1028 1941 Τά
1060 1891 1267 1960 ἀρχαῖα
1305 1896 1585 1965 παρῆλθεν
1612 1911 1627 1925 ’
1664 1898 1775 1950 ἰδοὺ

199 1971 313 2038 γὰρ
341 1971 532 2037 γέγονε
563 1975 629 2028 τά
660 1976 841 2031 πάντα
872 1979 1056 2033 καινά.
1092 1998 1110 2031 ›

271 2063 411 2117 ΤΟΥ
440 2065 974 2123 ΧΡΥΣΟΣΤΟΜΟΥ.
1011 2070 1082 2125 Β’.
1137 2074 1417 2139 Ὡσαύτως
1456 2076 1551 2130 καλ⁵
1582 2079 1608 2130 6
1637 2078 1779 2143 θεῖος

198 2157 590 2228 Χρυσόστομος
620 2165 747 2232 περὶ
774 2164 872 2234 τῆς
907 2166 1151 2231 Παλαιᾶς
1182 2187 1346 2237 φησιν
1390 2186 1405 2202 ⁸
1450 2191 1468 2223 ι
1524 2173 1673 2229 Ἐκεῖ
1718 2178 1778 2230 τὸ

198 2250 461 2318 γράμμα,
496 2244 598 2304 ὧδε
634 2256 694 2305 τὸ
734 2256 955 2326 πνεῦμα
984 2274 1000 2289 ’
1038 2261 1157 2313 ἐκεῖ
1202 2263 1233 2331 ἠ
1290 2262 1557 2329 κιϐωτὸς,
1600 2261 1702 2320 ὧδε
1744 2272 1777 2340 ἠ

198 2342 516 2411 παρθένος·
548 2346 664 2399 ἐκεῖ
691 2348 881 2416 ρἀδος
923 2350 1159 2423 Ἀαρὼν,
1193 2347 1295 2407 ὧδε
1323 2359 1350 2410 6
1385 2360 1642 2429 σταυρόςο
1663 2362 1780 2414 ἐκεῖ

195 2436 264 2486 τά
298 2436 503 2504 ἄζυμα,
544 2432 644 2492 ὦδε
676 2442 703 2493 6
737 2442 905 2512 ἄρτος
935 2460 950 2475 ο
985 2446 1104 2498 ἐκεῖ
1129 2450 1156 2499 6
1187 2450 1382 2517 ἀμνὸς,
1434 2444 1535 2505 ὦδε
1569 2453 1598 2505 6
1635 2454 1775 2520 Χρι-

202 2526 349 2587 στός.
396 2529 556 2583 Ἀλλὰ
587 2532 641 2583 τί
672 2550 839 2599 φασιν
887 2538 934 2588 οἱ
970 2537 1252 2605 ἀπειθείς;
1290 2543 1412 2595 Ὀτι
1451 2544 1478 2596 6
1521 2544 1685 2615 ἄρτος
1716 2547 1776 2600 ὂν

199 2620 441 2688 Χριστϊς
488 2622 721 2676 δέδωκεν
770 2626 979 2697 ἄζυμος
1029 2624 1119 2700 ἦν,
1169 2632 1255 2686 διὰ
1282 2634 1439 2689 τοῦτο
1475 2638 1569 2690 καὶ
1616 2641 1778 2708 ἡμεῖς

200 2710 391 2777 ἄζυμα
422 2714 810 2781 προσφέρομεν
849 2717 927 2779 είς
969 2716 1183 2772 Θυσίαν.
1227 2721 1399 2774 Παντί
1428 2739 1488 2775 τε
1519 2725 1612 2777 καὶ
1644 2743 1776 2778 παν-

198 2800 371 2869 ταχοῦ
407 2802 484 2870 τῷ
519 2803 740 2875 Χριστῷ
767 2806 1180 2879 ἐναντιούμενοι
1210 2812 1260 2863 oi
1283 2812 1512 2877 ἀνόσιοι.
1552 2817 1779 2880 καὶτοῖς

199 2892 383 2959 λόγοις
415 2894 615 2960 αὐτῶν,
646 2898 735 2949 καὶ
766 2901 878 2960 τοῖς
915 2900 1121 2970 ἔργοις,
1160 2903 1340 2967 καθὼς
1372 2907 1775 2976 ἀποδέδεικται,

198 2984 295 3036 νῦν
328 2984 421 3036 τὸν
447 2987 685 3055 Χριστὸν
718 2993 815 3059 τῆς
839 2992 1050 3045 ἑαυτῶν
1081 2995 1337 3058 ἀσεϐείας
1368 3001 1462 3052 καὶ
1493 3001 1776 3073 ἀρνήσεως

204 3076 463 3146 μάρτυρα
522 3078 892 3149 προδάλλετε;
958 3085 1161 3150 Ἔστω,
1204 3088 1288 3141 ὅτι
1347 3089 1376 3141 6
1436 3090 1598 3161 ἄρτος
1650 3092 1709 3145 ὃν
1748 3094 1776 3145 6

1886 1900 2008 1945 runt
2044 1908 2198 1951 :ecce
2232 1908 2360 1947 nova
2394 1891 2537 1961 facta
2562 1901 2683 1945 sunt
2714 1894 2911 1945 omnia.

1954 2080 2464 2138 CHRYSOSTOMI.
2485 2081 2548 2137 ll.
2578 2081 2701 2137 Pari
2725 2096 2937 2151 quoque
2957 2081 3185 2144 ratione,
3216 2081 3453 2135 admira-

1881 2175 2004 2230 bilis
2032 2175 2120 2229 ille
2149 2174 2670 2245 Chrysostomusita
2712 2173 2873 2226 habet
2927 2172 2994 2227 de
3041 2170 3221 2227 Veteri
3265 2171 3454 2226 Testa-

1884 2275 2105 2320 mento:
2152 2284 2170 2317 ι
2212 2265 2321 2318 lllic
2354 2264 2557 2326 littera,
2598 2263 2689 2317 hic
2724 2263 2945 2330 spiritus
2985 2279 3000 2316 :
3036 2263 3145 2316 illic
3184 2276 3333 2325 arca,
3363 2261 3452 2314 hic

1883 2358 2073 2426 virgo:
2106 2355 2216 2411 illic
2248 2356 2391 2420 virga
2418 2355 2615 2415 Aaron,
2652 2355 2739 2408 hic
2762 2369 2891 2408 crux
2920 2372 2934 2408 :
2966 2353 3073 2407 illic
3100 2368 3309 2422 azyma,
3365 2352 3450 2407 hic

1882 2449 2039 2520 panis
2074 2467 2088 2504 :
2120 2449 2228 2503 illic
2258 2463 2451 2517 agnus,
2483 2446 2568 2499 hic
2590 2445 2859 2500 Christus.
2899 2464 2917 2497 ι
2956 2444 3268 2508 Enimvero,
3322 2444 3451 2513 quid

1880 2543 2033 2597 aiunt
2075 2539 2383 2595 increduli?
2432 2539 2657 2605 Nempe,
2712 2553 2904 2606 partem
2974 2552 3135 2606 quem
3202 2536 3452 2590 Christus

1882 2636 2029 2690 dedit
2059 2647 2308 2701 azymum
2339 2631 2509 2685 fuisse
2535 2650 2548 2686 :
2583 2645 2646 2687 ac
2676 2632 2876 2683 idcirco
2906 2644 3093 2700 azyma
3118 2630 3173 2682 in
3236 2627 3451 2682 sacriﬁ-

1880 2727 1967 2781 cio
2010 2723 2227 2779 oiierre.
2275 2722 2436 2793 Ergo,
2496 2725 2585 2792 qui
2631 2735 2847 2791 semper
2879 2737 2942 2774 ac
2993 2721 3193 2787 ubique
3232 2717 3454 2773 Christo

1882 2818 2268 2885 adversamiui,
2293 2820 2439 2888 impii
2466 2818 2737 2881 homines,
2762 2817 2939 2871 verbis
2957 2815 3161 2886 pariter
3191 2829 3255 2868 ac
3296 2813 3453 2868 factis

1882 2910 2101 2974 vestris,
2133 2909 2209 2963 uti
2235 2908 2520 2979 probatum
2552 2905 2676 2972 fuit,
2721 2904 2997 2959 Christum
3061 2918 3205 2957 nunc
3250 2910 3452 2955 vestra:

1881 3003 2172 3072 impietatis
2203 3016 2267 3055 ac
2305 2999 2605 3068 negationis
2652 3006 2841 3051 testem
2896 2991 3234 3063 prodttcitis?
3288 2992 3442 3056 Esto,

1883 3094 2045 3147 fuerit
2075 3106 2234 3162 quem
2261 3089 2513 3145 Christus
2542 3087 2687 3142 dedit
2717 3101 2932 3154 panem,
2993 3097 3235 3153 azymus.
3284 3080 3453 3150 Equi-

199 3168 438 3237 Χριστὸς
472 3172 735 3236 δέδωκεν,
779 3176 988 3245 ἄζυμον
1035 3174 1103 3249 ἦν
1133 3197 1146 3211 ο
1178 3181 1205 3235 ὁ
1241 3180 1341 3252 μὲν
1390 3180 1483 3237 οὖν
1534 3183 1769 3255 Χριστὸς

1884 3188 2003 3242 dem
2034 3185 2142 3251 ille,
2178 3184 2247 3240 ob
2278 3183 2555 3253 angustias
2587 3180 2869 3249 temporis.
2899 3186 2958 3232 ut
2986 3192 3052 3231 ne
3092 3184 3298 3231 tantum
3358 3188 3451 3228 sa-

197 3260 345 3312 κατά
388 3265 752 3332 στενοχωρίαν
784 3266 878 3318 τοῦ
914 3272 1108 3339 καιροῦ
1134 3313 1148 3336 ,
1182 3273 1269 3325 ἵνα
1322 3277 1395 3345 μὴ
1428 3277 1774 3345 ἀπαράδοτον

196 3352 537 3425 καταλειφθῇ
564 3355 625 3407 τὸ
649 3356 971 3426 τηλικοῦτον
1003 3363 1135 3431 παρ’
1171 3365 1339 3419 αὐτοῦ
1370 3368 1470 3435 τῆς
1498 3371 1773 3440 σωτηρίας

200 3449 529 3536 μυστήριον3
559 3450 744 3519 ἐπειδὴ
767 3452 902 3520 αὐτῇ
922 3456 986 3522 τῇ
1020 3453 1139 3524 ὥρᾳ
1165 3462 1279 3519 τοῖς
1318 3459 1594 3524 Ἰουδαίοις
1629 3480 1773 3536 παρα

195 3536 419 3600 εδίδοτο,
469 3532 581 3591 οἷον
616 3540 780 3609 ἄρτον
830 3543 970 3595 κατὰ
1001 3544 1099 3615 τὴν
1154 3546 1303 3616 ὤραν
1352 3552 1568 3623 ἐκείνην
1620 3532 1771 3625 εὕρ-ε,

198 3630 485 3701 παρέδωκε
521 3648 535 3663 ·
571 3632 655 3685 ἵνα
690 3634 763 3702 μὴ
795 3637 1075 3697 παντελῶς
1105 3640 1460 3714 ἀποστερήσῃ
1494 3646 1649 3714 ἡμᾶς
1678 3648 1775 3716 τῆς

195 3723 535 3793 τηλικιύτης
570 3727 847 3797 σωτηρίας
870 3769 882 3789 ,
920 3724 988 3801 ἧς
1017 3734 1165 3798 ἡμᾶς
1212 3735 1507 3805 ἐχαρίσατο
1542 3739 1645 3802 ἕως
1678 3741 1773 3794 τοῦ

197 3816 421 3877 αἰῶνος,
450 3818 511 3868 τὸ
543 3819 811 3885 πανάγιον
838 3820 933 3872 καὶ
964 3822 1079 3891 (25)
1114 3822 1378 3886 ζωοποιὸν
1419 3829 1584 3881 αὐτοῦ
1616 3832 1775 3899 σῶμα

196 3907 517 3978 καταξιώσῃ
550 3911 697 3977 ἡμᾶς
730 3910 959 3974 ἐσθίειν,
989 3916 1081 3965 καὶ
1106 3914 1174 3967 δι’
1199 3916 1366 3969 αὑτοῦ
1390 3918 1774 3981 ζωοποιεῖσθαι

194 4003 368 4068 ἡμᾶς,
402 4002 499 4053 καὶ
533 4003 939 4069 συγκοινωνοὺς
976 4005 1147 4059 αὑτοῦ
1180 4009 1463 4074 γενέσθαι,
1497 4012 1613 4064 ἀλλ’
1654 4016 1775 4068 οὐδὲ

195 4092 438 4162 ἔπρεπεν
464 4095 627 4145 αὐτὸν
655 4094 777 4146 τότε
810 4096 973 4164 ἄρτον
996 4099 1198 4151 τέλειον
1226 4101 1318 4153 ἐπὶ
1352 4106 1541 4172 χεῖρας
1569 4105 1774 4171 λασείν,

192 4184 279 4237 διὰ
317 4185 377 4236 τὸ
416 4180 558 4237 εἶναι
606 4186 704 4248 τὰς
757 4189 972 4257 ἡμέρας
1004 4190 1218 4253 ὲκείνας
1244 4193 1354 4244 τῶν
1388 4194 1641 4263 ἀζύμων,
1688 4197 1774 4251 ἴνα

198 4276 273 4345 μὴ
327 4275 607 4343 πρόφασιν
638 4276 712 4344 δῷ
748 4280 863 4340 τοῖς
906 4279 1185 4344 Ἰουδαίοις
1226 4288 1559 4353 κατηγορεῖν
1605 4289 1774 4341 αὑτοῦ

194 4363 267 4424 ὡς
302 4362 579 4423 ἀντιθέου.
608 4366 701 4417 καὶ
725 4367 816 4417 τὸν
852 4366 1015 4435 νόμον
1046 4368 1433 4433 καταλύοντος.
1460 4373 1697 4438 Τούτους
1719 4376 1774 4428 δὲ

193 4457 322 4517 τοὺς
350 4458 760 4525 χριστομάχους
794 4457 878 4521 τίς
912 4462 940 4511 6
976 4463 1411 4528 καταναγκάζων
1466 4466 1773 4533 Ἰουδαϊκῶς

194 4546 534 4615 προσφέρειν
561 4547 795 4617 ἄζυμον,
849 4552 943 4602 καὶ
991 4552 1052 4602 ού
1110 4552 1316 4607 τέλειον
1372 4556 1556 4623 ἄρτον,
1609 4560 1770 4630 εἴπερ

192 4640 403 4691 τέλειον
429 4639 719 4706 ἄνθρωπον
754 4641 919 4693 αὑτὸν
959 4643 1315 4712 κηρύττουσι,
1356 4648 1448 4701 τὸν
1483 4666 1769 4721 σεσαρκω-

196 4732 362 4799 μένον
399 4729 571 4791 Θεόνς
603 4731 827 4795 Πάντως
856 4733 965 4802 γὰρ
993 4734 1181 4804 ὥσπερ
1216 4736 1539 4809 κωλυόμεθα
1573 4758 1770 4813 συννη-

195 4824 425 4875 στεῦσαι
450 4825 561 4886 τοῖς
606 4824 908 4888 Ἰουδαίοις,
945 4827 1040 4878 καὶ
1082 4828 1145 4879 τὸ
1192 4827 1380 4899 Πάσχα
1422 4831 1542 4898 μετ’
1590 4835 1770 4886 αὐτῶν

193 4914 500 4985 ἑνρτάζειν,
548 4916 646 4967 καὶ
694 4917 1162 4985 περιτέμνεσθαι,
1221 4922 1317 4972 καὶ
1370 4921 1429 4973 τὸ
1490 4922 1769 4978 Σάϐϐατον

192 5009 410 5074 ἀργεῖν.
438 5006 530 5057 καὶ
552 5008 775 5075 χοιρίων
797 5007 975 5078 κρεῶν
1007 5008 1307 5078 ἀπέχεσθαι
1333 5025 1347 5039 ⁸
1373 5010 1516 5064 οὕτω
1567 5017 1773 5070 κωλυό-

199 5099 343 5169 μεθα
374 5099 471 5152 καὶ
492 5099 553 5151 τὸ
578 5101 789 5170 ἄζυμον
823 5100 1163 5170 προσφέρειν
1187 5102 1267 5165 εὶς
1301 5102 1513 5157 θυσίαν.

264 5193 339 5246 I".
379 5191 588 5252 Ἄλλως
619 5207 677 5243 τε
713 5191 769 5245 δὲ
804 5193 911 5263 πρὸ
942 5192 1039 5262 τῆς
1074 5193 1269 5263 ἑορτῆς
1313 5194 1408 5248 τοῦ
1441 5196 1631 5267 Πάσχα
1677 5199 1772 5251 καὶ

193 5284 303 5365 τῶν
338 5284 393 5336 Ἀ
404 5283 465 5347 ζύ
474 5301 589 5351 μων
613 5283 837 5351 γέγονεν
854 5285 881 5336 6
897 5285 1131 5348 δεῖπνος,
1163 5285 1255 5338 καὶ
1271 5286 1435 5356 ἄρτον
1458 5287 1773 5355 ἐδείπνησεν

193 5378 223 5429 6
252 5376 487 5445 Χριστὸς
519 5376 656 5444 μετὰ
683 5374 791 5427 τῶν
820 5374 1096 5444 μαθητῶν,
1127 5374 1309 5437 καθώς
1341 5393 1503 5445 φησιν
1528 5376 1557 5427 ὁ
1584 5376 1773 5428 Θεολύ-

194 5486 291 5536 γος
322 5469 607 5537 Ἰωάννης·
637 5468 731 5521 καὶ
760 5470 787 5521 6
818 5468 1015 5530 Ἰούδας
1052 5466 1071 5539 [
1087 5466 1261 5539 μετὰ]
1295 5468 1312 5535 (
1330 5468 1428 5537 26)
1455 5468 1553 5538 τὴν
1581 5468 1773 5539 προδο-

197 5562 321 5615 σίαν
354 5561 491 5630 μετά
519 5558 614 5612 τοῦ
644 5560 808 5629 ἄρτου
840 5560 1083 5630 ἐποίησε.
1114 5561 1191 5630 Τῇ
1225 5560 1333 5630 γὰρ
1368 5568 1436 5630 ιγ’
1461 5561 1641 5633 ἡμέρᾳ
1672 5560 1771 5631 τῆς

267 5700 381 5769 (24)
413 5698 551 5771 bege
580 5700 737 5771 μετὰ.

268 5771 380 5837 (Ξΐί)
414 5769 697 5825 Forte‘za‘t
726 5772 807 5824 τό.

267 5836 379 5912 (25)
416 5839 570 5896 Forte
604 5843 741 5911 μετά
772 5842 939 5913 ἄρτον
975 5836 1225 5906 ἐξελθών.

1881 3281 2009 3333 lutis
2042 3278 2359 3348 mysterium
2392 3276 2461 3329 ab
2487 3291 2553 3330 eo
2583 3291 2685 3326 non
2721 3275 2975 3326 traditum
3028 3269 3450 3337 relinqueretur,

1878 3387 1943 3426 eo
1965 3370 2108 3439 quod
2136 3371 2323 3425 eadem
2358 3368 2489 3423 hora
2520 3365 2724 3421 Judaeis
2754 3364 3050 3418 tradendus
3090 3371 3254 3425 esset,
3317 3374 3453 3428 qua-

1877 3463 1982 3517 lem
2016 3477 2207 3530 panem
2235 3475 2329 3529 pro
2364 3470 2605 3525 tempore
2636 3455 2861 3520 invenit,
2892 3455 3052 3507 talem
3093 3451 3315 3505 tradidit
3342 3469 3355 3504 :
3392 3460 3450 3502 ut

1880 3568 1945 3608 ne
1967 3552 2189 3607 omnino
2219 3558 2363 3604 tanta
2396 3530 2494 3603 rios
2522 3547 2695 3602 salute
2725 3546 2984 3614 privaret,
3017 3559 3178 3614 quam
3204 3542 3354 3597 nobis
3386 3540 3450 3593 ad

1879 3657 2053 3711 usque
2079 3640 2260 3695 saeculi
2293 3639 2451 3693 linem
2480 3636 2705 3707 largitus
2736 3643 2842 3700 est,
2874 3649 2937 3688 ac
2963 3634 3269 3703 dignatione
3322 3646 3451 3686 san-

1878 3735 2183 3790 ctissimum
2212 3745 2372 3785 suum
2422 3743 2619 3799 corpus
2669 3727 3103 3782 manducandum
3165 3724 3451 3793 prmberet,

1879 3842 1941 3883 ac
1967 3842 2062 3898 per
2084 3825 2213 3880 illud
2244 3823 2569 3888 viviﬁcaret,
2598 3822 2791 3891 suique
2829 3819 3247 3889 comparticipes
3304 3816 3450 3869 face-

1880 3929 1982 3973 ret.
2011 3921 2080 3971 At
2114 3931 2289 3985 neque
2312 3915 2557 3976 decebat,
2594 3924 2650 3966 ut
2714 3912 2763 3965 id
2820 3910 3079 3978 temporis
3137 3909 3434 3976 perfectum

1878 4024 2067 4081 panem
2102 4010 2153 4062 in
2180 4022 2371 4062 tuanus
2400 4005 2688 4071 acciperet,
2717 4018 2782 4057 eo
2824 4002 2967 4071 quod
3022 4001 3137 4053 dies
3184 3999 3257 4052 illi
3322 4013 3450 4068 τινα

1879 4118 2089 4157 morum
2122 4108 2302 4155 essent
2336 4108 2393 4153 ut
2424 4112 2489 4151 ne
2518 4094 2723 4150 ludatis
2754 4108 2939 4146 ansam
2974 4092 3238 4160 praeberet
3285 4104 3447 4143 accu-

1878 4194 2034 4248 sandi
2089 4191 2235 4245 velut
2279 4188 2526 4257 impium,
2587 4200 2650 4239 ac
2716 4184 3012 4238 solventem
3070 4181 3290 4250 legem:
3345 4179 3446 4233 hos

1879 4295 2062 4341 autem
2086 4281 2290 4339 Christi
2331 4282 2516 4333 hostes
2543 4278 2796 4347 quisnam
2826 4274 2990 4343 cogit,
3026 4282 3085 4326 ut
3138 4273 3445 4325 Judaeorum

1879 4394 2029 4433 more
2057 4389 2303 4446 azymum
2335 4371 2588 4431 oll‘erant,
2621 4376 2676 4421 et
2720 4381 2825 4421 non
2884 4363 3182 4435 perfectum
3227 4376 3445 4431 partem,

1881 4468 2146 4537 siquidem
2195 4462 2491 4532 perfectum
2556 4457 2831 4512 hominem
2886 4455 3053 4507 Deum
3103 4453 3445 4504 incarnatnm

1879 4559 2218 4631 pradicant?
2280 4556 2445 4610 Plane
2499 4553 2641 4607 enim
2701 4550 2781 4604 uti
2835 4558 3083 4601 vetamur
3147 4562 3248 4598 una
3324 4559 3445 4597 cum

1879 4651 2369 4721 Judtnisjejunare,
2404 4661 2465 4700 ac
2492 4661 2614 4700 cum
2662 4643 2741 4698 eis
2786 4641 3063 4696 celebrare
3115 4637 3344 4697 Pascha.
3395 4645 3449 4688 et

1879 4743 2218 4805 circumcidi,
2249 4756 2311 4793 ac
2346 4739 2587 4792 Sabbato
2620 4748 2835 4792 vacare.
2864 4743 3026 4799 atque
3051 4747 3078 4780 a
3099 4728 3273 4780 suillis
3326 4741 3445 4779 car-

1881 4840 2040 4893 nibus
2064 4835 2338 4890 abstinere
2369 4852 2381 4884 :
2411 4834 2484 4886 ita
2516 4832 2677 4888 etiam
2708 4828 3055 4901 prohibemur
3082 4836 3330 4891 azymum
3387 4821 3441 4873 in

1879 4929 2151 4987 sacriﬁcio
2171 4928 2387 4983 oﬂerre.

1957 5192 2047 5247 Ill.
2088 5191 2306 5260 Alioqui
2353 5199 2529 5243 autem
2564 5187 2678 5257 (27)
2710 5195 2929 5255 peracta
2964 5186 3066 5239 fuit
3119 5199 3274 5239 omna
3326 5192 3449 5237 ante

1886 5288 2082 5341 festum
2118 5283 2343 5338 PaSt‘hlB
2394 5298 2456 5336 ac
2494 5282 2844 5351 Azytuoruut,
2882 5280 3044 5346 inque
3087 5293 3147 5332 ea
3198 5276 3449 5330 Christus

1883 5393 2003 5429 cum
2066 5376 2343 5443 discipulis
2399 5389 2591 5442 panem
2644 5373 2899 5434 comedit,
2948 5371 3025 5423 uti
3076 5369 3312 5423 Joannes
3360 5368 3447 5420 ille

1880 5468 2189 5538 Theologus
2219 5467 2369 5519 dicit.
2413 5465 2583 5519 Judas
2617 5464 2727 5534 (28)
2784 5478 3000 5531 quoque
3031 5461 3272 5530 (accepto
3306 5474 3443 5528 pane

1876 5558 2151 5631 egressus)
2214 5556 2372 5626 panis
2417 5553 2750 5611 adminiculo
2801 5551 3057 5622 prodidit.
3099 5550 3231 5604 Nam
3284 5552 3445 5602 tertia

1948 5697 2058 5769 (27)
2089 5698 2162 5769 ll_n
2201 5695 2312 5749 fere
2342 5694 2713 5769 Graci,__qttos
2747 5706 2931 5746 recens
2970 5697 3187 5744 secutus
3228 5695 3311 5744 est
3340 5686 3439 5742 Pev

1877 5764 2068 5831 (avius,
2107 5765 2316 5819 Rution.
2351 5776 2507 5831 temp.
2541 5764 2631 5816 lib.
2663 5778 2733 5816 Vl.

1946 5827 2064 5903 (723i
2090 5838 2289 5892 Confer
2324 5827 2567 5904 'l'heoph.
2611 5833 2662 5887 itt
2696 5846 2743 5885 c.
2787 5845 2908 5884 xxvi
2944 5827 3132 5884 Matth.
