4194 6444
724 384 859 451 1179

1793 388 2043 448 ISAACI
2088 388 2462 449 ARMENl/E
2502 390 2913 452 CATHOLICI

3836 392 3985 459 1180

718 503 927 556 decima
957 500 1039 552 die
1072 499 1213 554 luna:
1240 499 1341 553 fuit
1372 500 1640 554 celebrata
1662 512 1841 562 canta,
1872 500 1923 553 id
1961 508 2068 562 est,
2099 516 2289 566 magna

2402 499 2628 570 σελήνης
2665 501 2881 567 ἐγένετο
2914 503 2940 553 6
2972 502 3210 564 δεῖπνος,
3249 503 3417 572 ἦγουν
3449 504 3511 572 τῇ
3551 502 3762 572 μεγάλῃ
3801 511 3861 565 ε’,
3892 504 3988 555 καὶ

719 594 905 663 quinta
942 590 1099 657 feria,
1138 593 1326 661 sicque
1362 592 1461 645 fuit
1496 592 1751 645 l'ermcnti
1786 608 1919 646 usus
1952 612 1965 648 :
2004 594 2090 647 die
2115 604 2295 646 autem

719 696 913 753 quarta
965 686 1173 739 decima
1226 700 1289 737 ac
1326 687 1513 753 quinta
1564 685 1775 740 decima
1835 685 2054 740 fuerunt
2087 686 2295 741 Pascha

718 794 780 829 ac
816 778 934 830 dies
987 779 1340 845 Azymorum.

790 870 879 924 iV.
925 868 1057 934 Quei
1116 884 1219 919 non
1275 884 1466 935 magna
1523 869 1640 925 haec
1694 872 2046 939 improbitas,
2116 882 2168 926 ut
2229 888 2292 927 ex

720 974 869 1027 parte
898 962 1114 1023 quidem
1144 976 1172 1013 a
1207 958 1408 1013 iudicis
1444 962 1710 1027 resilient,
1750 964 1801 1015 in
1838 963 1960 1016 aliis
2001 975 2181 1018 autem
2216 964 2297 1019 eis

721 1053 1022 1105 uitiantur?
1057 1051 1510 1119 Haudquaquam,
1548 1054 1841 1122 inquiunt:
1882 1054 1976 1108 sed
2014 1055 2296 1109 offerimus

722 1146 772 1194 in
813 1142 1080 1193 c-icriticio
1104 1157 1319 1210 azyma,
1346 1145 1801 1210 quemadmodum
1829 1142 2107 1203 Christus.
2132 1147 2292 1215 Ergo,

719 1234 985 1299 siquidem
1039 1248 1104 1286 ea
1159 1234 1355 1296 solum,
1419 1249 1537 1302 qua-
1572 1250 1599 1286 a
1644 1234 1865 1288 Christo
1920 1246 2046 1289 sunt
2098 1238 2294 1291 tradita

720 1338 903 1378 tenere
941 1326 1101 1377 vultis
1131 1342 1194 1380 ac
1229 1326 1470 1391 credere,
1532 1342 1711 1394 operae
1758 1330 1988 1397 pretium
2039 1332 2294 1400 deinceps

719 1418 985 1478 habeatis.
1018 1428 1074 1471 ut
1104 1418 1542 1472 Christianorum
1601 1422 1856 1489 mysteria
1891 1426 2137 1491 negetis;
2174 1441 2295 1492 quae

717 1511 923 1573 Omnia,
960 1525 1270 1577 quanquam
1311 1523 1437 1563 tunc
1481 1511 1737 1567 Christus
1788 1528 1882 1580 per
1913 1515 2151 1581 seipsum
2188 1532 2292 1569 non

718 1600 960 1660 tradidit,
1002 1605 1343 1667 postmodum
1391 1613 1567 1655 tanien
1594 1618 1692 1671 per
1738 1606 2011 1673 apostolos
2053 1622 2183 1661 suos
2231 1623 2295 1663 ac

718 1702 939 1745 sanrtos
970 1693 1179 1752 Patres.
1208 1695 1328 1761 ejus
1366 1696 1549 1764 utique
1587 1695 1799 1751 amatos
1841 1697 2046 1767 Spiritu
2080 1709 2290 1767 sancto,

716 1782 1005 1841 ordiuavit,
1034 1800 1151 1851 qui-
1197 1785 1415 1851 quidem
1439 1786 1690 1854 quisquis
1714 1804 1818 1842 nou
1850 1791 2059 1860 recipit,
2093 1792 2287 1845 nedum

721 1877 938 1927 minime
966 1875 1316 1931 Christianus
1344 1891 1447 1944 est,
1473 1896 1665 1935 verum
1701 1882 1865 1935 etiam
1903 1885 2049 1937 omni
2089 1885 2291 1941 inﬁdeli

718 1967 987 2021 inﬁdelior
1019 1971 1257 2024 exsistit.
1680 1966 1681 1969 6

1304 2080 1534 2134 CAPUT
1582 2082 1708 2137 Vill.

718 2168 795 2221 De
843 2170 908 2222 iis
970 2185 1083 2237 qua
1143 2168 1392 2241 Christus
1440 2174 1647 2241 quidem
1701 2193 1803 2229 non
1863 2179 2129 2244 tradidit,
2205 2182 2295 2235 sed

1214 2245 1440 2311 apostoli
1485 2262 1545 2296 ac
1589 2244 1797 2301 Patres.

790 2330 832 2387 Ι.
888 2332 1142 2388 Chrisuts
1200 2336 1420 2405 triginta
1476 2353 1743 2393 annorum
1798 2341 2107 2409 baptizatus
2161 2354 2294 2401 est:

717 2438 851 2490 ergo
893 2442 987 2477 nec
1023 2428 1097 2479 illi
1137 2443 1462 2497 quemquam
1528 2440 1654 2486 ante
1704 2448 1907 2487 annum
1957 2436 2292 2493 tricesimum

720 2519 1144 2586 baptizaverint.
1196 2522 1446 2577 Christus
1484 2525 1754 2595 baptismo
1806 2530 2087 2596 intinctus,
2124 2533 2296 2589 haud-

715 2624 989 2677 quaquam
1030 2622 1226 2666 nuctus
1246 2622 1328 2667 est
1359 2628 1656 2684 unguento,
1679 2620 1904 2674 autoleo
1924 2625 2294 2697 sanctiﬁcata;

719 2714 815 2750 nec
852 2715 980 2767 ergo
1012 2700 1086 2754 illi
1118 2715 1394 2770 unguento
1426 2719 1819 2776 perungautur,
1846 2723 1940 2765 aut
1963 2729 2122 2769 sacro
2152 2720 2291 2773 oleo.

717 2790 968 2845 Christus
1004 2808 1107 2845 non
1152 2793 1251 2847 fuit
1309 2797 1615 2864 baptizatus
1671 2800 1723 2855 in
1776 2804 2024 2872 pisi-ina,
2091 2810 2186 2864 sed
2238 2812 2293 2867 in

718 2883 916 2949 ﬂuvio;
952 2902 1049 2940 nec
1082 2902 1211 2956 ergo
1248 2889 1323 2942 illi
1360 2892 1411 2943 iu
1441 2893 1645 2959 piscina
1686 2896 2104 2962 baptizaveriut.
2130 2904 2293 2959 Cliti-

723 2989 841 3030 stus
884 2979 1212 3045 haptismum
1248 2995 1606 3051 suscepturus
1649 3004 1754 3043 non
1788 2993 2041 3049 recitavit
2071 3002 2295 3067 symbo-

716 3068 825 3121 lum
872 3071 991 3124 ﬁdei
1042 3081 1410 3128 trecentorum
1463 3076 1651 3132 decem
1717 3091 1771 3135 et
1809 3097 1933 3137 octo
1980 3101 2294 3145 sanctorum

713 3156 934 3217 Patrum
973 3178 988 3228 ;
1030 3180 1127 3220 ccc
1161 3166 1345 3237 itque
1393 3167 1462 3221 illi
1494 3172 2144 3238 proﬁteantur.Christus
2174 3198 2293 3238 cum
2322 3203 2367 3263 ο

717 3252 1080 3322 baptizandus
1112 3267 1278 3320 esset,
1322 3275 1427 3314 nun
1464 3271 1548 3314 est
1582 3277 1879 3319 conversus
1914 3267 1981 3322 ad
2024 3266 2294 3327 Occiden—

720 3356 851 3409 tem,
891 3363 987 3400 nec
1015 3364 1079 3402 eo
1112 3352 1219 3403 situ
1251 3354 1658 3407 abrenuntiarit
1701 3357 1937 3427 diabolo,
1965 3376 2027 3415 ac
2059 3378 2181 3416 eum
2215 3365 2297 3418 in-

713 3439 980 3504 snmavit;
1038 3456 1212 3509 neque
1271 3444 1474 3498 iterum
1538 3448 1603 3499 ad
1641 3446 1918 3503 Orientem
1979 3468 2308 3518 conversus.-

717 3530 895 3585 I‘tedus
933 3549 1053 3585 cmn
1086 3533 1193 3585 Duo
1219 3537 1440 3605 pepigit,
1470 3539 1668 3607 quippe
1695 3542 1788 3609 qui
1822 3543 1935 3611 ipse
1965 3545 2107 3600 Deus
2140 3562 2297 3601 verus

713 3633 896 3676 esset:
929 3639 1057 3693 ergo
1092 3641 1189 3677 nec.
1233 3627 1334 3694 ipsi
1390 3644 1499 3681 rem
1536 3628 1826 3696 ejusmodi,
1865 3636 1930 3689 iis
1961 3638 2051 3704 qui
2089 3639 2157 3691 ab
2187 3641 2295 3695 illis

716 3719 1083 3783 baptizautur,
1128 3718 1359 3773 faciant.
1385 3722 1639 3777 Christus
1667 3736 1953 3796 postquam
1986 3732 2297 3800 baptizatus

714 3808 853 3869 l‘uit,
901 3823 1244 3878 nequaquam
1306 3826 1464 3865 suum
1524 3828 1729 3881 corpus
1793 3821 2066 3887 sumpsit;
2122 3838 2298 3892 neque

714 3916 843 3967 ergo
868 3900 937 3952 illi
974 3915 1215 3954 sumant.
1250 3902 1524 3967 Christus,
1549 3921 1577 3958 a
1614 3908 1901 3976 baptismo,
1934 3916 2298 3984 quadraginta

716 3996 981 4049 duntaxat
1014 3998 1132 4051 dies
1156 3998 1444 4066 jejuuavit,
1481 4003 1825 4071 obtinuitque
1856 4005 1943 4057 illa
1982 4010 2206 4063 traditio
2229 4013 2294 4065 ad

716 4102 886 4155 usque
926 4104 1129 4141 annum
1183 4093 1541 4145 centesimum
1577 4095 1933 4161 vicesimum;
1974 4114 2071 4153 nos
2115 4111 2296 4159 tamen

715 4180 1107 4247 quinquaginta
1146 4179 1263 4233 dics
1318 4180 1537 4235 Pascha:
1591 4185 1870 4253 proximos
1891 4188 2220 4256 jejunamus.

783 4269 849 4324 ll.
891 4270 1143 4325 Christus
1177 4273 1435 4326 sacriﬁcii
1490 4275 1649 4343 panis
1684 4280 2004 4347 mysterium
2036 4297 2142 4335 non
2185 4292 2288 4338 tra-

712 4364 849 4416 didit
902 4365 953 4417 in
988 4364 1244 4428 ecclesia,
1292 4366 1385 4418 sed
1440 4368 1490 4419 iu
1541 4370 1820 4423 communi
1875 4373 2061 4437 domo,
2119 4390 2181 4429 ac
2237 4376 2293 4431 iu

714 4470 897 4508 mensa
934 4458 1211 4509 communi
1257 4458 1496 4522 sedens;
1530 4474 1658 4528 ergo
1716 4476 1816 4516 nec
1870 4463 1943 4515 illi
1995 4468 2151 4533 panis
2198 4469 2294 4522 lto-

2400 590 2542 642 οὕτω
2574 593 2795 659 γέγονεν
2824 594 2854 661 ἡ
2889 591 3045 658 ἄρσις
3077 595 3175 661 τῆς
3205 592 3415 662 ζύμης·
3449 596 3541 648 καί.
3567 598 3631 664 τῇ
3676 595 3736 647 ιδ’
3776 597 3869 648 καὶ
3922 601 3987 647 ιε’

2400 681 2647 749 ἐγένοντο
2675 682 2735 734 τὸ
2768 683 2953 754 Πάσχα
2983 685 3079 735 καὶ
3105 684 3171 736 τὰ
3202 684 3442 756 Ἀζυμα.

2470 863 2545 918 Δ’.
2588 863 2711 925 [Ιῶς
2738 864 2922 917 οὐκέτι
2955 865 3290 934 παρανομία,
3321 867 3376 917 ὲν
3405 864 3563 934 μέρει
3594 865 3692 934 μὲν
3717 864 3778 929 ἐξ
3806 866 3990 917 αὐτῶν

2398 958 2757 1026 ἀποφεύγειν,
2796 959 2854 1010 ὲν
2906 959 3085 1019 ἄλλοις
3116 960 3172 1011 δὲ
3209 957 3479 1025 ἑνωθῆναι
3510 961 3618 1021 τοῖς
3656 958 3935 1016 Ἰουδαίοις
3965 976 3979 1016 ;

2399 1051 2557 1120 Οὐχὶ,
2577 1051 2759 1120 φασίν
2786 1051 2968 1119 ἄζυμα
2983 1052 3040 1105 δὲ
3066 1052 3452 1120 προσφέρομεν
3474 1052 3553 1113 είς
3578 1050 3769 1104 θυσίαν
3790 1050 3985 1120 ὥσπερ

2395 1141 2424 1192 6
2451 1141 2703 1208 Χριστός.
2728 1141 2962 1203 Οὐκοῦν,
2991 1143 3039 1194 εί
3061 1143 3131 1194 τὰ
3157 1140 3562 1211 παραδιδόμενα
3587 1141 3692 1193 ὑπὸ
3718 1140 3983 1211 Χριστοῦ,

2396 1233 2570 1285 ταῦτα
2605 1234 2741 1302 μόνα
2768 1237 2989 1305 κρατεῖν
3022 1235 3114 1287 καὶ
3154 1232 3423 1288 πιστεύειν
3458 1232 3748 1303 βούλεσθε,
3784 1236 3989 1303 πρέπει

2397 1325 2583 1377 λοιπὸν
2608 1328 2755 1395 ἡμᾶς
2782 1326 3060 1396 ἀρνεῖσθαι
3086 1326 3151 1379 τὰ
3176 1326 3285 1378 τῶν
3308 1326 3653 1395 Χριστιανῶν
3681 1328 3985 1394 μυστήρια,

2399 1419 2542 1487 ειπερ
2572 1418 2787 1473 ἅπαντα
2817 1422 2865 1472 εί
2899 1420 2990 1473 καὶ
3019 1422 3046 1473 6
3076 1421 3308 1491 Χριστὸς
3335 1421 3457 1472 τότε
3488 1418 3584 1488 μὲν
3611 1419 3893 1472 δι’ὲαυτοῦ
3923 1420 3985 1473 οὗ

2397 1510 2714 1580 παρέδωκεν
2743 1552 2757 1574 ,
2796 1512 2910 1564 ἀλλ’
2938 1511 3165 1581 ὕστερον
3200 1512 3287 1565 διὰ
3323 1512 3431 1563 τῶν
3466 1511 3629 1563 αὐτοῦ
3666 1511 3988 1564 ἀποστόλων

2398 1602 2487 1653 καὶ
2520 1601 2628 1653 τῶν
2663 1602 2832 1669 ἁγίων
2866 1602 3142 1669 Πατέρων,
3178 1602 3265 1655 διὰ
3295 1601 3388 1654 τοῦ
3424 1602 3579 1669 ἁγίου
3616 1602 3779 1655 αὑτοῦ
3819 1603 3990 1655 Ilvati-

2400 1710 2570 1763 ματος
2605 1692 2823 1755 πάντως
2858 1695 3173 1760 διετάξατο·
3212 1695 3357 1766 άπερ
3391 1696 3417 1747 ὀ
3456 1696 3529 1766 μὴ
3565 1696 3889 1764 δεχόμενος,
3927 1696 3987 1747 οὐ

2401 1783 2558 1850 μόνον
2594 1785 2917 1855 Χριστιανὸς
2952 1787 3052 1838 οὐκ
3086 1785 3265 1851 ἔστιν,
3303 1787 3439 1839 άλλὰ
3475 1788 3569 1839 καὶ
3603 1786 3822 1839 πάντων
3860 1786 3988 1839 ἀπε-ο

2399 1895 2537 1931 στων
2568 1880 2948 1951 ἀπιστότερος.

2930 2078 3325 2131 ΚΕΦΑᾸΑΙΟΝ
3367 2082 3446 2133 il'.

2398 2174 2535 2239 Περὶ
2580 2164 2668 2224 ὧν
2710 2174 2741 2224 ὀ
2786 2172 3040 2239 Χριστὸς
3078 2172 3196 2240 μὲν
3234 2176 3307 2227 οὐ
3350 2173 3722 2240 παρέδωκεν,
3766 2176 3905 2230 ἀλλ’
3933 2178 3989 2229 cl

2754 2243 3089 2295 ἀπόστολοι
3127 2242 3225 2295 καί
3261 2248 3315 2297 οἱ
3350 2244 3631 2313 Πατέρες.

2468 2339 2544 2388 A'.
2594 2334 2917 2405 ’0,Χριστὸς
2948 2337 3379 2405 τριακονταετὴς
3416 2338 3723 2409 ἐϐαπτίσθη
3745 2355 3759 2367 ·
3789 2339 3988 2393 οὐκοῦν

2398 2428 2552 2482 αὐτοὶ
2594 2428 2697 2492 lui;
2738 2429 3037 2497 τριάκοντα
3079 2427 3218 2481 ὲτῶν
3266 2428 3474 2500 μηδένα
3517 2430 3882 2500 βαπτίσωσιν.
3925 2433 3987 2486 ὐ

2397 2522 2635 2592 Χριστὸς
2667 2519 2993 2589 βαπτισθεὶς
3027 2518 3201 2590 μύρον
3245 2520 3347 2574 οὐκ
3376 2522 3623 2592 ἐχρίσθη,
3654 2521 3779 2575 οὔτε
3829 2526 3989 2594 ήγιαο

2399 2618 2595 2685 σμένον
2628 2614 2835 2668 ἐλαιον⁶
2874 2613 3071 2667 οὐκοῦν
3107 2614 3231 2684 μηδ’
3255 2614 3410 2669 αὐτοὶ
3428 2615 3695 2685 χρισθὼσι
3733 2617 3914 2686 μύρῳ,
3950 2618 3983 2686 ἦ

2399 2710 2540 2780 ἁγίῳ
2575 2709 2757 2779 ἐλαίῳ.
2788 2710 2847 2761 Ὀ
2882 2708 3118 2780 Χριστὸς
3149 2710 3207 2761 ὲν
3235 2708 3596 2781 κολυμϐήθρα
3630 2710 3731 2763 οὐκ
3768 2712 3991 2764 comma.

2400 2802 2537 2870 σθη,
2592 2801 2707 2855 ἀλλ’
2739 2803 2798 2854 ὲν
2847 2801 3079 2873 ποταμῷ
3110 2818 3124 2831 ·
3176 2801 3297 2872 μηδ’
3328 2802 3480 2855 αὐτοὶ
3523 2804 3583 2855 ὲν
3626 2803 3991 2874 κολυμϐήθρα

2400 2894 2757 2965 βαπτίσωσιν.
2797 2894 2854 2947 '0
2902 2894 3137 2964 Χριστὸς
3180 2895 3242 2947 τὸ
3291 2894 3563 2963 σύμϐολον
3606 2897 3706 2964 τῆς
3754 2898 3993 2961 πίστεως

2398 2988 2504 3041 τῶν
2545 2986 2650 3058 τιη¹
2698 2988 2868 3055 ἁγίων
2922 2988 3183 3057 Πατέρων
3234 2986 3334 3045 οὐκ
3374 2982 3495 3039 εἷπε
3539 2989 3749 3055 μέλλων
3792 2989 3995 3057 βαπτι-

2401 3081 2595 3150 σθῆναι
2618 3097 2633 3112 ο
2676 3079 2797 3149 μηδ’
2830 3080 2985 3132 αὐτοὶ
3020 3078 3451 3149 ὁμολογήσωσιν.
3489 3080 3547 3131 Ὀ
3582 3080 3820 3150 Χριστὸς
3860 3081 3994 3149 μέλ-

2399 3175 2507 3228 λων
2548 3174 2911 3245 βαπτισθῆναι
2953 3175 3088 3240 πρὸς
3128 3173 3339 3243 δυσμὰς
3383 3176 3484 3227 οὐκ
3526 3175 3860 3247 ἀπεστράφη
3900 3179 3996 3230 καὶ

2398 3265 2711 3331 ἀπετάξατο
2746 3266 2824 3335 τῷ
2868 3263 3105 3334 διαϐόλῳ
3127 3305 3143 3328 ,
3186 3264 3283 3317 καὶ
3327 3265 3590 3333 ἐνέφυσεν
3629 3266 3795 3318 αὐτόν
3824 3284 3839 3297 ’
3861 3266 3991 3320 οὔτε

2399 3358 2563 3409 πάλιν
2606 3357 2742 3426 πρὸς
2785 3357 3053 3418 ἀνατολὰς
3096 3356 3348 3426 ἐστράφη
3396 3357 3493 3410 καὶ
3540 3360 3875 3423 συνετάξατο
3916 3361 3993 3429 τῷ

2398 3449 2550 3517 Θεῷ·
2592 3448 2755 3511 αὐτὸς
2794 3448 2903 3518 γὰρ
2938 3443 3005 3519 ἦν
3042 3450 3069 3500 6
3110 3447 3368 3516 ἀληθινὸς
3410 3447 3577 3510 Θεός·
3621 3448 3823 3515 οὐκοῦν
3864 3452 3993 3520 μηδ’

2398 3541 2552 3594 αὐτοὶ
2582 3541 2749 3594 ταὺτὸ
2778 3541 2906 3603 τοὺς
2940 3540 3030 3593 ὑπ’
3054 3539 3235 3591 αὐτῶν
3269 3538 3707 3610 βαπτιζομένους
3743 3544 3987 3609 ποιήσω⁴

2402 3651 2503 3687 σιν.
2547 3634 2603 3687 '0
2640 3634 2874 3704 Χριστὸς
2908 3632 3232 3701 βαπτισθεὶς
3269 3630 3364 3684 τοῦ
3402 3633 3601 3685 ἑαυτοῦ
3641 3634 3893 3703 σώματος
3928 3638 3987 3688 οὐ

2402 3724 2686 3795 μετέλαϐε,
2723 3724 2846 3794 μηδ’
2872 3725 3021 3776 αὐτοὶ
3054 3722 3461 3793 μεταλάϐωσιν.
3490 3723 3551 3776 '0
3582 3726 3822 3794 Χριστὸς
3855 3730 3995 3788 μετᾶ

2398 3817 2493 3870 τοῦ
2542 3817 2907 3886 βαπτισθῆναι
2947 3817 3277 3887 ὲνήστιυσεν
3319 3817 3532 3886 ἡμέρας
3575 3821 3991 3886 τεσσαράκοντα

2400 3910 2496 3962 καὶ
2525 3911 2701 3978 μόνον,
2732 3909 2825 3962 καὶ
2854 3910 3046 3978 μέχρις
3087 3906 3169 3980 ρκ’
3205 3907 3349 3961 ἑτῶν
3372 3910 3405 3977 ἠ
3435 3910 3659 3978 τοιαύτη
3696 3911 3992 3980 παράδοσις

2400 4002 2747 4072 κεκράτηκεν
2765 4016 2780 4030 ⁸
2809 3997 3101 4069 suam;
3128 3997 3296 4067 ἐγγὺς
3320 3996 3429 4050 τοέγ
3451 3998 3660 4066 Πάσχα,
3689 3999 3903 4069 ἡμέρας
3929 3996 3992 4054 ν’.

2479 4272 2538 4324 '0
2571 4270 2805 4340 Χριστος
2835 4270 2896 4322 τὺ
2930 4270 3230 4339 μυστήριον
3258 4270 3357 4338 τῆς
3391 4269 3585 4334 θυσίας
3616 4268 3708 4323 τοῦ
3740 4270 3905 4338 ἄρτου
3936 4270 3993 4320 ὲν

2399 4362 2664 4432 ἐκκλησίᾳ⁸
2716 4363 2777 4415 οὐ
2830 4360 3170 4430 παρέδωκεν,
3218 4361 3337 4413 ἀλλ’
3366 4364 3421 4413 ἐν
3467 4362 3602 4432 οἴκῳ
3653 4362 3853 4427 κοινῷ,
3900 4362 3995 4414 καὶ

2399 4459 2648 4529 τραπέζᾳ
2692 4460 2847 4527 κοινῇ
2898 4457 3301 4525 καθεζόμενος·
3347 4456 3544 4509 οὐκοῦν
3590 4458 3715 4526 μηδ’
3738 4459 3896 4510 αὐτοὶ
3939 4460 3995 4509 ἐν

710 4548 869 4601 suam
932 4550 982 4601 in
1037 4549 1286 4604 ecclesiis
1355 4551 1811 4607 sacriﬁcaveriut.
1861 4552 2112 4611 Christus
2174 4570 2296 4626 post

2404 4552 2721 4621 ἐκκλησίαις
2768 4550 3172 4618 ίεςουργὴσωσι
3206 4548 3307 4617 τὴν
3344 4548 3540 4600 θυσίαν
3572 4549 3666 4601 τοῦ
3707 4551 3899 4618 ἄρτου.
3938 4550 3992 4602 Ὀ

710 4656 950 4703 ςωιιιιιιι,
986 4656 1049 4693 ac
1085 4640 1174 4694 ubi
1220 4642 1476 4710 discipuli
1513 4646 1739 4698 saturati
1788 4658 1995 4712 essent,
2051 4660 2161 4702 tum
2200 4651 2295 4705 de-

713 4748 859 4783 tuum
909 4732 991 4784 sui
1047 4733 1296 4801 corporis
1364 4737 1752 4789 communione
1807 4753 1903 4793 eos
1961 4741 2293 4810 impertivit;

709 4840 839 4893 ergo
867 4834 919 4878 et
952 4828 1050 4892 ipsi
1086 4829 1237 4895 prius
1270 4830 1559 4881 comedent
1592 4846 1785 4885 carnes
1832 4847 1895 4887 ac
1950 4843 2287 4902 saturentur,

709 4927 933 4982 tumque
1000 4920 1383 4990 mysteriorum
1461 4924 1896 4979 communionem
1970 4928 2290 4995 percipiant.

599 5020 605 5029 ‘
708 5010 979 5072 Christus,
1034 5016 1341 5081 quanquam
1382 5012 1481 5067 fuit
1534 5030 1630 5081 pro
1675 5016 1831 5071 nobis
1873 5010 2069 5072 alIixus
2117 5008 2291 5089 cruci,

714 5104 856 5157 haud
893 5115 1069 5157 tamen
1120 5122 1341 5159 crucem
1396 5108 1607 5160 adorari
1657 5112 1979 5178 constituit;
2016 5127 2147 5181 ergo
2190 5130 2291 5170 nec

712 5198 817 5266 ipsi
852 5212 1070 5251 crucem
1127 5201 1377 5253 adorent.
1428 5199 1572 5255 Crux
1632 5202 1813 5271 lignea
1848 5216 1967 5258 erat
2002 5223 2015 5259 :
2047 5220 2180 5276 ergo
2216 5206 2291 5260 illi

714 5306 812 5343 nec
842 5308 1089 5353 auream,
1115 5307 1211 5346 nec
1236 5305 1573 5364 argenteam,
1594 5294 1919 5357 li-rreamve.
1944 5306 2035 5351 aut
2068 5312 2291 5365 aeream,

712 5383 795 5437 vel
852 5384 1116 5449 lapideam
1173 5401 1394 5440 crucem
1446 5390 1814 5445 adoraveriut.
1868 5388 2121 5445 Christus
2183 5406 2291 5445 non

712 5476 885 5529 induit
917 5479 1384 5546 superhumerale,
1423 5496 1522 5535 nec
1576 5483 1839 5545 orarium,
1889 5498 1990 5537 nec
2043 5482 2295 5552 tnauipu.

712 5569 845 5633 lum,
881 5585 981 5625 nec
1036 5573 1303 5637 cnsulam,
1340 5590 1518 5644 neque
1569 5576 1863 5645 penulam:
1892 5590 2025 5647 ergo
2062 5591 2160 5631 nec
2194 5576 2293 5647 ipsi

710 5678 775 5715 ea
810 5663 1057 5722 induant.
1105 5664 1359 5723 Christus
1413 5668 1588 5726 Μίδεω
1639 5686 1853 5741 preces,
1914 5685 1978 5726 ac
2008 5684 2292 5727 sacrorum

787 5845 901 5916 (ea)
933 5846 1091 5903 Deest
1128 5822 1461 5918 μετέδωκεν.

2402 4646 2635 4715 Χριστος
2684 4644 2824 4714 μετὰ
2869 4644 2929 4697 τὸ
2974 4643 3263 4712 δειπνῆσαι
3313 4642 3408 4694 καὶ
3452 4641 3826 4711 χορτασθῆναι
3871 4646 3993 4704 τοὺς

2405 4736 2657 4807 μαθητὰς
2686 4735 2875 4796 αὑτοῦ.
2905 4736 3027 4789 τότε
3054 4734 3148 4788 τοῦ
3183 4735 3311 4789 ἰδίου
3340 4736 3592 4803 σώματος
3622 4735 3733 4804 (29)
3757 4752 3770 4764 ·
3800 4736 3996 4787 οὐκοῦν

2399 4831 2493 4883 καὶ
2528 4830 2682 4882 αὐτοὶ⁵
2716 4828 2933 4899 πρῶτον
2970 4829 3303 4896 φαγέτωσαν
3338 4830 3476 4897 κρέα
3500 4868 3514 4888 ,
3551 4831 3643 4879 καὶ
3679 4830 3993 4898 χορτασθή-

2401 4940 2619 4986 τωσαν,
2658 4922 2754 4975 καὶ
2790 4922 2912 4975 τότε
2958 4922 3377 4991 κοινωνήτωσαν
3409 4920 3518 4973 τῶν
3558 4923 3901 4991 μυστηρίων.
3938 4921 3994 4974 Ὀ

2400 5016 2665 5083 Χριστὸς,
2697 5016 2745 5067 εί
2778 5014 2872 5067 καὶ
2905 5014 3047 5083 ὑπὲρ
3079 5014 3238 5085 ἡμῶν
3269 5011 3588 5083 ἐσταυρώθη
3613 5052 3627 5075 ,
3662 5013 3801 5066 ἀλλὰ
3833 5031 3997 5067 σταυ-

2403 5110 2497 5181 ρὸν
2541 5108 2967 5178 προσκυνεῖσθαι
3010 5110 3071 5160 οὐ
3119 5108 3440 5173 διετάξατο,
3491 5106 3566 5169 ὡς
3617 5109 3893 5175 μαρτυρεῖ
3937 5108 3996 5159 τὸ

2401 5203 2735 5273 Εὐαγγέλιον
2766 5219 2779 5234 ο
2814 5201 3011 5255 οὐκοῦν
3048 5200 3172 5271 μηδ’
3200 5202 3355 5256 αὐτοὶ
3403 5201 3639 5270 σταυρὸν
3672 5203 3994 5268 προσκυνή-

2396 5314 2601 5350 τωσαν.
2644 5295 2705 5349 ’0
2740 5294 2973 5363 σταυρὸς
3006 5294 3168 5360 ξύλου
3197 5288 3266 5363 ἦν
3287 5307 3300 5321 ’
3333 5292 3529 5346 οὐκοῦν
3562 5296 3697 5362 μήτε
3730 5294 3991 5363 χρυσοῦν,

2400 5387 2535 5459 μήτε
2563 5385 2864 5457 ἀργυροῦν,
2897 5387 3033 5455 μήτε
3063 5384 3338 5455 σιδηροῦν,
3366 5384 3400 5454 ἢ
3430 5372 3688 5453 χαλκοῦν.
3716 5385 3749 5455 ἢ
3784 5384 3991 5439 λίθινον

2398 5480 2633 5550 σταυρὸν
2647 5480 3150 5549 προσκυνείτωσαν.
3182 5478 3241 5530 '0
3267 5479 3500 5549 Χριστὸς
3528 5478 3868 5548 ὠμοφόριον,
3898 5481 3995 5532 καὶ

2398 5574 2811 5644 ἑπιτραχήλιον,
2839 5574 2934 5626 καὶ
2964 5574 3263 5643 στιχάριον,
3293 5574 3389 5626 καὶ
3414 5572 3700 5643 φελώνιον,
3733 5576 3828 5627 καὶ
3860 5593 3997 5643 μαν-

2396 5668 2539 5734 δίον,
2577 5666 2639 5719 οὐ
2678 5664 3035 5740 περιεϐάλετο
3058 5682 3071 5695 ·
3113 5664 3237 5737 μηδ’
3264 5664 3418 5720 αὐτοὶ
3451 5664 3626 5718 ταῦτα
3664 5665 3995 5737 περιϐαλλέ-
