4194 6444
192 389 328 451 1ἶ81

1259 390 1542 450 ORATIO
1580 391 1605 449 Ι
1646 390 1947 451 CONTRA
1989 395 2401 458 ARMENIOS.

3287 399 3454 486 .1132

188 504 426 556 σθωσαν.
460 502 520 555 Ὀ
554 502 790 573 Χριστος
820 500 918 563 τὰς
952 498 1117 569 εὐχὰς
1147 499 1245 567 τῆς
1280 501 1649 571 λειτουργίας,
1684 502 1771 555 καὶ

1881 501 2383 571 Theophaniorum,
2428 519 2493 559 ac
2524 504 2757 575 reliquas
2797 521 3003 570 omnes.
3055 511 3201 566 omni
3236 519 3453 583 negotio

184 599 297 649 τῶν
324 597 496 665 ἁγίων
524 597 869 663 Θεοφανῖων,
902 596 998 649 καὶ
1024 596 1120 658 τὰς
1150 594 1345 658 λοιπάς
1374 595 1553 658 πάσας
1584 597 1772 665 εὐχὰς,

185 690 389 750 παντὸς
432 688 760 758 πράγματος
802 689 894 741 καὶ
938 688 1159 757 ἀπάσης
1203 690 1352 759 ῷρας
1397 690 1497 741 οῦκ
1545 689 1770 759 εἴρηκε’

187 776 314 842 μηδ’
339 777 496 828 αὐτοὶ
528 777 735 839 ταύτας
768 778 1098 845 λεγέτωσαν,
1130 780 1162 848 ἢ
1205 780 1308 832 ὑπὸ
1339 779 1449 832 τῶν
1482 780 1652 846 ἁγίων
1687 780 1777 833 εῦ-

183 866 298 935 χῶν
328 866 779 934 άγιασθήτωσαν.

268 958 330 1008 Ὀ
373 958 610 1026 Χρ;στὸς
651 960 1027 1030 πατριάρχας,
1070 964 1165 1013 καὶ
1211 961 1645 1030 μητροπολίτας,
1680 961 1777 1015 καὶ

186 1050 558 1112 ἐπισκόπους,
597 1052 691 1103 καὶ
738 1052 1173 1121 πρεσϐυτέρους,
1211 1054 1305 1105 καὶ
1345 1053 1647 1115 διακόνους,
1686 1054 1777 1106 καὶ

189 1141 481 1205 μοναχοὺς.
512 1141 614 1192 οὐκ
644 1142 1078 1210 ἐχειροτόνησεν,
1113 1145 1238 1197 οὔτε
1270 1144 1368 1207 τὰς
1399 1146 1563 1213 εὐχὰς
1596 1144 1776 1197 αὐτῶν

186 1227 402 1294 εἴρηκε.
436 1229 577 1296 Μηδ⁹
597 1231 752 1283 αὐτοὶ
783 1234 1324 1302 χειροτονείσθωσαν,
1355 1235 1385 1305 ἦ
1418 1235 1523 1287 ὑπὸ
1550 1234 1656 1287 τῶν
1688 1237 1776 1288 εὑ-

188 1318 299 1385 χῶν
334 1319 812 1388 εὐλογηθήτωσαν.
855 1325 913 1375 '0
958 1326 1193 1392 Χριστὸς
1236 1327 1532 1394 ἐκκλησίας
1570 1327 1777 1379 οἰκοδο-

191 1412 446 1478 μεῖσθαι,
500 1416 593 1467 καὶ
644 1416 804 1482 ἁγίας
853 1418 1137 1485 τραπέζας
1189 1423 1627 1485 κατασκευάσαι,
1684 1425 1779 1475 καὶ

192 1501 347 1570 μύρῳ
385 1505 711 1573 χρισθῆναι,
749 1508 843 1559 καὶ
883 1510 1107 1578 μυρίαις
1142 1512 1329 1578 εὐχαῖς
1362 1512 1682 1578 ἁγιάζεσθαι
1716 1514 1775 1565 0'3

185 1592 492 1657 διετάξατο,
539 1597 660 1649 οὐδὲ
709 1600 1011 1670 πεποίηκε·
1066 1601 1193 1669 μηδ’
1216 1603 1367 1654 αὐτοὶ
1413 1603 1572 1656 τοῦτο
1620 1608 1776 1673 ποιή-

190 1701 382 1747 σαντες
417 1686 553 1757 (50).
586 1689 644 1742 Ὀ
678 1692 916 1759 Χριστὸς
940 1695 1173 1763 τετράδα
1207 1696 1301 1747 καὶ
1335 1696 1689 1765 παρασκευὴν
1714 1697 1775 1749 οὐ

188 1780 559 1844 νενήστευκε·
619 1783 742 1851 μηδ’
779 1782 937 1836 αὐτοὶ
989 1785 1380 1854 νηστεύσωσιν.
1435 1786 1491 1839 Ὀ
1542 1787 1778 1857 Χριστὸς

189 1871 328 1921 κατὰ
359 1872 459 1933 τὰς
490 1874 756 1937 ἀνατολὰς
787 1877 1192 1946 προσεύχεσθαι
1222 1878 1283 1931 οὐ
1315 1878 1617 1943 διετάξατο,
1649 1881 1773 1948 μηδ’

187 1965 343 2015 αὐτοὶ
391 1968 530 2019 κατὰ
570 1969 669 2029 τὰς
713 1970 986 2033 ἀνατολὰς
1029 1972 1543 2041 προσευχέσθωσαν.
1588 1974 1775 2028 Ταῦτα

189 2055 296 2121 γὰρ
332 2058 508 2110 πάντα
545 2062 639 2112 καὶ
676 2060 902 2116 πλείονα
937 2062 1143 2117 τούτων
1177 2066 1527 2134 Χριστιανῶν
1564 2084 1772 2136 μυστη-

190 2150 321 2216 ρίων
352 2150 482 2203 ὂντα
504 2191 519 2215 ,
548 2153 615 2205 δι’
638 2146 715 2205 ὧν
741 2157 903 2224 ἡμεῖς
932 2156 1277 2226 ἁγιαζόμεθα
1296 2195 1311 2219 ,
1337 2156 1442 2225 ,καὶ
1472 2160 1653 2211 πιστοὶ
1682 2175 1774 2226 γε-

186 2244 414 2309 νεμεοα,
445 2246 473 2297 ό
510 2246 744 2314 Χριστὸς
778 2248 847 2301 δι’
871 2230 1064 2301 ἑαυτοῦ
1099 2250 1159 2302 οὐ
1198 2250 1538 2320 παρέδωκεν,
1572 2253 1714 2321 ἆπερ
1744 2253 1773 2304 ὁ

188 2334 527 2403 ἀρνούμενος
552 2338 646 2389 καὶ
673 2337 883 2391 ἀθετῶν
910 2340 1003 2392 καὶ
1036 2342 1109 2410 μὴ
1140 2343 1614 2411 παραδεχόμενος,
1640 2342 1774 2414 Χρι-

190 2428 409 2490 στιανὸς
443 2429 729 2483 καλεῖσθαι
762 2431 823 2483 οὐ
851 2430 1100 2489 δύναται.
1140 2434 1277 2488 Ἀλλ’
1306 2438 1499 2505 ἡμεῖς,
1533 2434 1678 2505 ἅπερ
1709 2436 1772 2488 ὲκ

186 2533 216 2568 τ
233 2518 294 2568 ὒν
319 2519 489 2571 αὐτοῦ
516 2522 851 2589 ἀποστόλων,
880 2526 973 2597 διαὶ
1008 2527 1293 2593 παναγίων
1318 2526 1578 2597 Πατέρων
1605 2544 1770 2597 παρε-

186 2609 448 2677 λάϐομεν,
480 2613 591 2681 (31)
627 2613 685 2677 ἐξ
714 2608 789 2668 ὧν
820 2595 1057 2687 ὑπάρχει
1083 2619 1176 2672 καὶ
1208 2620 1271 2671 ὲκ
1302 2620 1413 2688 (52)
1444 2595 1536 2671 τοῦ
1564 2595 1771 2673 τελείου

188 2700 353 2768 ἄρτου
387 2704 709 2772 παράδοσις,
740 2708 834 2759 πα)⁵
866 2709 898 2777 ὴ
925 2708 1013 2761 διὰ
1038 2710 1136 2777 τῆς
1166 2709 1367 2778 λόγχης
1398 2710 1771 2779 ἀποκαθαίρε-

190 2809 295 2856 σις,
329 2795 423 2845 καὶ
456 2797 488 2864 ἡ
521 2796 629 2848 τῶν
660 2799 835 2864 ἁγίων
864 2801 1087 2852 εἰκόνων
1119 2800 1343 2871 ποίησίς
1376 2818 1433 2853 τε
1470 2802 1563 2854 καὶ
1600 2818 1770 2869 προσ-

188 2882 437 2955 κύνησις.
490 2888 567 2940 Οὐ
624 2889 731 2958 γάρ
790 2891 1195 2961 ἐναντιούμενοι
1243 2893 1322 2963 τῷ
1374 2892 1625 2962 Χριστῷ,
1676 2894 1771 2947 καὶ

186 2979 340 3046 αὐτῷ
367 2982 685 3050 μαχόμενοι,
717 2983 811 3036 καὶ
837 2986 904 3036 τά
932 2985 1140 3037 ἐκείνου
1160 2984 1507 3048 ἐλαττοῦντες
1526 2986 1618 3038 καὶ
1647 3002 1771 3053 σμι-

186 3058 479 3142 ιῖρύνοντες
498 3115 512 3138 ,
542 3075 714 3127 ταῦτα
745 3076 923 3129 πάντα
951 3078 999 3129 οἱ
1032 3078 1320 3130 ἀπόστολοι
1339 3122 1354 3143 ,
1389 3082 1481 3131 καὶ
1512 3082 1559 3131 oi
1594 3080 1768 3132 Πατέ-

191 3180 281 3232 ρες
336 3166 393 3216 ἐν
459 3165 759 3236 Ἐκκλησία
819 3169 1147 3238 παρέδωκαν
1184 3187 1198 3201 ·

188 3257 399 3308 ἐκείνου
430 3257 772 3322 αὐξάνοντες,
800 3264 895 3313 καὶ
925 3263 1344 3330 μεγαλύνοντες,
1370 3266 1464 3318 καὶ
1489 3264 1770 3333 ὑψοῦντες,

188 3350 283 3401 καὶ
318 3350 586 3418 τιμῶντες
608 3391 623 3414 ,
659 3353 753 3404 καὶ
792 3353 1107 3417 δοξάζοντες
1151 3356 1465 3425 μυστήρια,
1501 3357 1596 3409 καὶ
1638 3357 1773 3425 πρὸς

183 3442 344 3505 δόξαν
378 3444 543 3495 αὑτοῦ
586 3444 679 3497 καὶ
726 3445 1149 3514 μεγαλωσύνην,
1190 3447 1284 3499 καὶ
1308 3447 1465 3516 ημῶν
1500 3450 1773 3519 σωτηρίαν

188 3538 279 3587 καὶ
325 3539 610 3605 καύχημα,
652 3537 824 3591 ταῦτα
862 3539 1248 3608 διαταξάμενοι
1291 3542 1387 3592 καὶ
1429 3544 1771 3595 κατασκευά-

186 3644 401 3688 σαντες.
437 3627 648 3680 Οὺκοῦν
679 3629 726 3681 οἳ
760 3630 855 3681 τοῦ
894 3630 1099 3682 τελείου
1136 3632 1303 3700 ἄρτου
1339 3632 1437 3699 τὴν
1472 3633 1769 3703 παράδοσιν

184 3719 463 3779 ἀθετοῦσι,
491 3725 583 3771 καὶ
608 3720 667 3772 οὑ
699 3721 1119 3791 παραδέχονται,
1146 3724 1239 3775 καὶ
1266 3723 1476 3791 ἄζυμον
1502 3724 1666 3792 ἄρτον
1692 3724 1771 3785 εἰς

185 3812 375 3863 Θυσίαν
407 3814 733 3881 προσφέρειν
764 3813 1067 3881 βούλονται,
1096 3812 1446 3882 άθετήτωσαν
1485 3815 1579 3867 καὶ
1604 3816 1770 3886 ἀρνή-

183 3921 368 3958 τωσαν
402 3905 574 3957 ταῦτα
616 3907 792 3958 πάντα
828 3905 973 3974 ἆπερ
1004 3907 1339 3976 εἰρήκαμεν,
1379 3908 1534 3960 ἅτινα
1570 3910 1598 3960 ὁ
1630 3910 1767 3977 Χρι-

188 3996 307 4056 στος
341 3996 439 4063 μὲν
469 3995 534 4047 δι’
559 3994 755 4047 ἑαυτοῦ
784 3996 845 4048 οῦ
878 3997 1227 4065 παρέδωκεν,
1260 3996 1377 4050 ἀλλ’
1400 3998 1449 4049 ol
1481 3999 1767 4052 ἀπόστολοι

184 4095 277 4141 καὶ
306 4092 355 4141 οἱ
388 4090 532 4158 ἅγιοι
567 4092 828 4160 Πατέρες.
858 4094 919 4145 Ei
945 4093 1054 4161 γάρ
1084 4093 1239 4145 αὐτοὶ
1271 4092 1371 4161 μὲν
1402 4094 1481 4154 εἰς
1510 4093 1607 4162 τὴν
1640 4094 1767 4147 ἑαυ-

183 4184 294 4234 τῶν
326 4183 620 4253 διατροφὴν
649 4184 847 4237 ἐσθίειν
878 4184 1085 4254 ἄζυμον
1114 4187 1176 4237 οὐ
1208 4185 1618 4253 καταδέχονται,
1649 4185 1767 4248 πῶς

183 4276 346 4327 τοῦτο
382 4276 445 4327 τι
486 4276 802 4343 βδελυκτὸν,
843 4276 1001 4345 σῶμα
1043 4276 1176 4330 Θεοῦ
1218 4279 1629 4331 κατασκευάσαι
1668 4278 1767 4331 οὐκ

182 4367 566 4438 αἱσχύνονται;
602 4369 767 4421 Οὐδὲν
798 4368 905 4437 γάρ
936 4369 1123 4438 ἕτερον
1153 4371 1201 4421 οἱ
1234 4369 1482 4433 ἀσεϐεῖς,
1518 4369 1550 4439 ἢ
1583 4371 1644 4421 τὸ
1675 4369 1765 4422 τέ-

182 4461 324 4513 λειον
352 4461 452 4529 τῆς
488 4461 726 4528 Χριστοῦ
762 4462 1227 4531 ὲνανθρωπήσεως
1261 4462 1544 4532 ἀρνεῖσθαι
1582 4462 1766 4531 βουλό-

1878 610 1942 648 ac
1972 596 2103 649 hora
2137 595 2563 665 frequentandas
2592 612 2696 653 non
2725 598 2860 652 dixit
2896 617 2909 654 :
2935 617 3062 672 ergo
3096 618 3193 657 nec
3222 604 3324 672 ipsi
3356 622 3452 662 eas

1878 690 2083 755 dicant,
2116 706 2216 747 nec
2244 693 2654 749 sanctiﬁcentnr
2680 710 2777 764 per
2801 710 2988 751 sacras
3029 712 3238 766 preces.

1952 954 2041 1010 Ill.
2085 956 2339 1014 Christus
2389 959 2764 1028 patriarchas,
2814 972 2867 1016 et
2930 964 3351 1032 metropolilas.
3398 972 3454 1019 et

1879 1050 2184 1117 episcopos,
2212 1052 2686 1121 prcshyterosqne,
2724 1068 2786 1106 ac
2825 1054 3103 1117 diaconos,
3136 1066 3301 1125 atque
3334 1071 3451 1110 mo-

1884 1144 2122 1203 nachos,
2169 1158 2273 1195 non
2320 1143 2630 1211 ordinavit;
2692 1160 2790 1200 nec
2844 1162 3066 1214 preces,
3119 1150 3317 1218 quibus
3374 1150 3450 1203 illi

1880 1234 2242 1300 ordinantur,
2296 1235 2431 1287 dixit
2469 1254 2482 1289 :
2518 1252 2649 1304 ergo
2685 1252 2783 1291 nec
2820 1236 2922 1305 ipsi
2958 1239 3313 1305 ordinentur,
3354 1255 3454 1296 nec

1883 1342 2101 1393 precum
2163 1328 2493 1379 adminiculo
2563 1330 2973 1384 henedicantur.
3036 1331 3289 1386 Christus
3342 1348 3451 1386 non

1881 1421 2183 1479 constituit.
2236 1430 2291 1473 ut
2352 1422 2603 1474 ecclesia:
2654 1423 3092 1488 aedilicarentur,
3149 1438 3213 1475 ac
3283 1438 3452 1477 sacrae

1885 1526 2082 1564 mensae
2126 1522 2593 1572 construerenlur,
2636 1523 3018 1582 unguentoque
3056 1513 3454 1582 perfunderen-

1885 1612 2003 1667 tur,
2060 1617 2124 1655 ac
2176 1602 2446 1655 sexcentis
2495 1603 2896 1669 precationibus
2944 1592 3441 1665 sanctiﬁcarentur,

1884 1709 1981 1749 nec
2015 1694 2310 1761 quidquam
2364 1692 2633 1758 ejusmodi
2684 1695 2998 1763 usurpavit;
3059 1705 3189 1764 ergo
3222 1709 3319 1747 nec
3350 1694 3452 1762 ipsi

1886 1788 1987 1839 hoc
2036 1785 2261 1837 faciant.
2289 1783 2537 1839 Christus
2589 1785 2777 1839 feriam
2835 1797 3083 1854 quartam
3137 1801 3201 1839 ac
3241 1794 3451 1839 sextam

1884 1895 1986 1933 non
2012 1877 2307 1948 jejunavit;
2344 1892 2518 1947 neque
2545 1878 2619 1931 illi
2644 1878 3031 1947 jejunaverint.
3058 1878 3313 1934 Christus
3346 1892 3452 1931 non

1883 1971 2166 2028 constituit
2189 1980 2245 2025 ut
2270 1973 2519 2025 conversi
2543 1971 2607 2023 ad
2631 1968 2909 2053 O'rientem
2938 1985 3254 2037 oraremus;
3278 1984 3454 2039 neque

1882 2068 1980 2133 ipsi
2011 2067 2076 2119 ad
2107 2065 2385 2121 Orientem
2416 2064 2661 2118 conversi
2692 2072 2868 2118 orent.
2903 2062 3028 2118 Haec
3064 2065 3207 2117 enim
3246 2064 3449 2125 omnia,

1882 2175 1945 2214 ac
1997 2159 2078 2213 his
2126 2159 2316 2229 plura,
2376 2174 2497 2211 cum
2564 2166 2807 2227 spectent
2884 2157 2950 2211 ad
3016 2155 3452 2212 Christianarum

1883 2249 2161 2319 mysteria,
2220 2247 2419 2315 quibus
2469 2247 2569 2317 ipsi
2617 2248 3022 2302 sanetilica'mur
3066 2260 3129 2299 ac
3192 2244 3455 2299 elIicinmr

1882 2342 2087 2405 ﬁdeles,
2124 2344 2541 2412 haudquaquam
2568 2341 2685 2407 ipse
2717 2356 2811 2409 per
2832 2355 2890 2395 se
2913 2339 3161 2394 Christus
3200 2336 3451 2401 tradidit;

1882 2449 2001 2502 quae
2053 2442 2234 2485 tamen
2286 2441 2342 2484 ut
2391 2430 2513 2499 quis
2558 2439 2718 2500 neget
2768 2445 2831 2484 ac
2874 2430 3117 2499 rejiciat,
3171 2436 3263 2480 aut
3323 2425 3455 2479 nolit

1884 2526 2161 2593 recipere,
2213 2522 2563 2578 Christianus
2610 2522 2871 2591 appellari
2927 2536 3034 2575 non
3097 2528 3296 2590 potest.
3342 2516 3454 2571 Nos

1880 2631 2031 2679 vero,
2058 2631 2179 2683 qua:
2210 2614 2278 2668 ab
2309 2615 2426 2683 ejus
2480 2614 2743 2684 apostolis
2794 2628 2859 2668 ac
2889 2612 3250 2667 sanctissimis
3280 2610 3453 2664 Patri-

1882 2710 1983 2764 hns
2016 2708 2210 2761 tradita
2264 2708 2601 2777 accepimus,
2641 2708 2751 2760 Inec
2804 2717 3049 2761 tenemus
3107 2720 3121 2758 :
3171 2718 3200 2756 a
3254 2702 3452 2771 quibus

1882 2798 2109 2868 perfecti
2143 2801 2361 2868 queque
2400 2798 2555 2866 panis
2603 2799 2822 2853 traditio
2864 2798 3104 2859 exsistit,
3137 2796 3248 2866 (ὃῦ)
3278 2810 3338 2849 ac
3366 2810 3452 2848 se-

1880 2892 2053 2946 cretio
2081 2904 2201 2956 quae
2234 2890 2292 2944 ﬁt
2339 2891 2577 2945 lanceola
2600 2928 2617 2953 ,
2653 2905 2750 2944 nec
2797 2904 2900 2943 non
2942 2903 3221 2943 sacrarum
3256 2888 3446 2956 imagi-

1880 2996 2006 3035 num
2058 2980 2276 3035 eﬂ‘eetio
2333 2995 2399 3035 ac
2442 2980 2726 3033 adoratio:
2782 2993 2955 3046 neque
3008 2977 3151 3032 enim
3191 2987 3445 3046 tanquam

1878 3072 2094 3127 Christo
2124 3073 2565 3135 adversarentur,
2596 3085 2660 3126 ac
2687 3072 2736 3126 ei
2775 3070 2957 3125 hostes
2987 3078 3191 3131 essent,
3220 3069 3446 3137 ejusque

1257 3170 1393 3224 ἀλλὰ
1450 3172 1650 3240 μᾶλλον
1700 3172 1769 3225 τὰ

1876 3180 1965 3222 res
2014 3174 2360 3219 attenuarent
2431 3180 2494 3219 ac
2558 3164 2953 3231 deprimerent,
3024 3163 3275 3217 universa
3332 3161 3446 3215 haec

1877 3257 2109 3329 apostoli
2163 3272 2227 3311 ac
2281 3256 2470 3311 Patres
2530 3255 2583 3309 in
2642 3254 2882 3309 Ecclesia
2928 3254 3298 3317 tradiderunt;
3349 3250 3443 3306 sed

1876 3350 2055 3421 potius
2108 3360 2370 3418 augentes
2411 3363 2476 3402 ac
2526 3348 2951 3419 nlaguiﬂcantes,
2988 3346 3437 3413 extollentesqne,

1875 3457 1939 3497 ac
1975 3442 2331 3506 honorantes,
2359 3452 2411 3495 et
2441 3441 2806 3508 gloriﬁcantes
2840 3439 3095 3509 mysteria
3118 3477 3132 3500 ,
3179 3449 3337 3506 atque
3373 3435 3440 3489 ad

1874 3534 1991 3603 ejus
2024 3534 2250 3603 g‘oriam
2283 3543 2337 3587 et
2388 3532 2873 3603 magnificentiam,
2921 3533 3274 3599 n‘ostramqne
3301 3529 3444 3583 salu-

1876 3635 1981 3679 tem
2028 3641 2091 3679 ac
2120 3624 2502 3694 gloriationcm
2546 3638 2631 3677 res
2660 3622 2927 3689 ejusmodi
2962 3624 3354 3675 constituentes
3388 3632 3443 3672 et

1874 3718 2245 3785 disponentes.
2298 3716 2400 3781 Qui
2447 3730 2578 3782 ergo
2624 3714 2851 3783 perfecti
2890 3696 3043 3783 panis
3099 3714 3440 3766 traditionem

1876 3816 2157 3877 respuunt,
2178 3822 2275 3861 nec
2300 3808 2489 3861 volunt
2518 3809 2824 3869 admittere,
2854 3821 3159 3876 panemque
3190 3820 3441 3876 azymutn

1873 3898 1924 3952 in
1973 3898 2246 3952 sacriﬁcio
2278 3900 2464 3951 volunt
2492 3898 2709 3960 ollerre,
2743 3899 2903 3950 etiam
2941 3904 3197 3963 respuant
3233 3912 3296 3950 ac
3346 3911 3444 3949 ne-

1869 3998 2000 4057 gent
2030 3988 2211 4041 omnia
2246 3988 2359 4041 hmc
2409 4004 2437 4041 a
2488 3990 2642 4043 nobis
2678 3993 2841 4053 dicta,
2871 4004 2990 4055 quae
3026 3990 3243 4057 quidem
3280 3988 3443 4041 Chri-

1870 4089 1985 4132 stus
2032 4080 2146 4147 ipse
2184 4079 2597 4147 haudquaquam
2629 4094 2725 4147 per
2774 4081 3008 4149 seipsum
3047 4079 3310 4143 tradidit,
3345 4080 3439 4133 sed

1872 4171 2105 4240 apostoli
2144 4186 2208 4225 ac
2243 4174 2421 4227 sancti
2449 4173 2685 4240 ;Patres.
2722 4171 2853 4227 Nam
2906 4188 3026 4226 cum
3080 4173 3179 4241 ipsi
3225 4172 3442 4239 quidem

1872 4262 1922 4316 in
1978 4278 2077 4319 suo
2133 4264 2412 4327 alimento,
2466 4265 2610 4318 vesci
2666 4280 2859 4334 azymo
2906 4265 3111 4329 nolint,
3157 4265 3281 4332 quei
3334 4280 3440 4319 non

1868 4369 1961 4408 eos
2003 4355 2189 4423 pudet,
2240 4363 2299 4410 ut
2328 4370 2490 4424 quam
2543 4370 2657 4409 rem
2690 4358 2823 4409 adeo
2871 4355 3288 4410 abominabilem
3338 4357 3442 4410 ha-

1871 4448 2020 4512 bent,
2082 4449 2174 4502 Dei
2249 4449 2493 4503 sl‘liciant
2540 4448 2781 4517 corpus?
2838 4448 2983 4502 Nihil
3040 4449 3238 4517 quippe
3297 4447 3440 4500 aliud

184 4569 362 4620 μενοι,
404 4552 578 4605 ταῦτα
620 4554 797 4606 πάντα
841 4554 1139 4625 φλυαροῦσι
1182 4556 1274 4607 καὶ
1310 4554 1760 4625 προφασίζονται,

1873 4541 2021 4610 impii
2056 4540 2363 4607 molientes,
2400 4556 2560 4609 quam
2603 4552 2661 4593 ut
2690 4541 2889 4594 Christi
2917 4538 3213 4610 perfectam
3250 4540 3441 4593 huma-

181 4642 499 4711 ἀλλοτρίους
535 4644 627 4695 καὶ
665 4643 846 4708 ξένους
882 4644 974 4697 τοῦ
1012 4644 1283 4714 Χριστοῦ,
1320 4646 1414 4696 καὶ
1448 4643 1553 4696 τῶν
1589 4642 1761 4711 ἁγίων

182 4735 379 4797 αὐτοὺς
408 4736 763 4797 δεικνύοντες.

710 4848 753 4898 Κ
764 4845 1107 4901 ΕΦΑΛΑΙΟΝ
1156 4848 1233 4903 ϐ’.

251 4948 393 5015 Περὶ
425 4950 543 5003 τῶν
582 4949 922 5005 Ἰουδαϊκῶν
969 4950 1228 5016 θυσιῶν,
1254 4942 1340 5005 ὧν
1389 4950 1671 5006 ποιοῦσιν
1702 4954 1757 5006 οι

823 5022 1132 5091 Ἀρμένιοι.

252 5144 377 5196 Ὅτι
410 5140 463 5193 δὲ
493 5130 637 5192 οῦτοι
666 5138 715 5189 oi
741 5137 998 5205 θεομάχοι
1039 5134 1127 5188 διὰ
1162 5136 1257 5198 τάς
1285 5136 1494 5189 ἑαυτῶν
1528 5136 1753 5205 αἰσχρο-

184 5237 426 5307 κερδίας,
457 5234 553 5297 τὰς
595 5232 886 5292 ἰουδαῖκάς
913 5231 1103 5293 θυσίας
1132 5230 1441 5297 άνανεοῦσι,
1474 5232 1630 5300 δῆλον
1665 5233 1749 5283 ὲν-

184 5328 393 5381 τεῦθεν.
426 5325 532 5377 Τοῦ
561 5324 665 5393 γάρ
697 5323 934 5393 Χριστοῦ
983 5323 1075 5376 τοῦ
1113 5322 1248 5374 Θεοῦ
1280 5324 1437 5393 ἡμῶν
1499 5324 1752 5387 λαϐόντος

186 5421 349 5486 ἄρτον
381 5418 470 5468 κα).
500 5416 776 5486 ποτήριον,
813 5416 907 5467 καὶ
927 5414 1106 5475 δόντος
1135 5416 1244 5476 τοῖς
1269 5412 1537 5485 μαθηταῖς
1565 5416 1749 5479 αὑτοῦ,

187 5512 276 5563 καὶ
338 5507 584 5570 εἰπόντος
606 5525 618 5537 ·
654 5506 895 5569 Λάϐετε,
948 5505 1168 5574 φάγετε
1212 5505 1310 5559 καὶ
1346 5507 1515 5559 alere
1544 5508 1613 5572 ἐξ
1640 5509 1751 5561 αὑ-

252 5688 362 5756 (50)
394 5688 530 5759 ροβε
561 5688 771 5756 ποιήσοι
785 5705 881 5759 τιν.

253 5758 365 5830 (ιιι)
402 5756 559 5830 Forte
586 5759 735 5830 deest
761 5757 929 5812 ταῦτα
958 5757 1288 5830 κρατοῦμεν.

252 5828 363 5899 (52)
400 5827 537 5898 Lt'ge
568 5829 600 5899 ἠ
631 5828 744 5882 τοῦ.

1872 4636 2147 4689 nationem
2184 4644 2398 4702 negent,
2432 4633 2612 4686 omnia
2654 4633 2787 4697 ha-c,
2824 4634 3029 4687 alienos
3065 4648 3123 4685 sc
3162 4648 3190 4685 a
3222 4630 3439 4686 Christo

1870 4742 1932 4781 ac
1969 4726 2177 4781 sanctis
2225 4727 2599 4790 ostendentes,
2635 4738 2908 4794 nugantur
2948 4741 3009 4779 ac
3042 4734 3361 4791 pratexunl.

2472 4838 2701 4895 CAPUT
2742 4838 2838 4893 IX.

1972 4945 2046 4999 De
2074 4945 2315 4998 Judaicis
2347 4946 2629 5013 sacriﬁciis
2681 4962 2798 5015 qua:
2833 4946 3069 4998 Armenii
3100 4945 3321 5014 facium.

1934 5141 1974 5194 1.
2014 5140 2165 5207 Quod
2198 5150 2376 5195 autem
2412 5141 2518 5195 Deo
2556 5141 2906 5195 adversantes
2952 5142 3029 5205 hi,
3066 5149 3284 5210 propter
3315 5151 3429 5195 tur-

1863 5234 1947 5302 pia
1982 5233 2127 5286 lucra
2179 5248 2298 5298 sna,
2349 5231 2568 5286 Judaica
2604 5233 2870 5287 sacriﬁcia
2928 5234 3253 5295 instaurent,
3304 5234 3431 5288 hinc

1860 5326 2045 5394 liquet.
2077 5324 2210 5378 Nam
2245 5342 2365 5379 cum
2416 5325 2673 5380 Christus
2722 5326 2863 5379 Deus
2920 5334 3108 5378 noster
3154 5327 3429 5395 at-ceperit

1860 5433 2050 5488 panem
2093 5434 2157 5472 ac
2188 5420 2431 5480 calicem,
2457 5419 2769 5487 dedcritqne
2796 5420 3072 5486 discipulis
3100 5420 3235 5482 suis,
3263 5429 3427 5488 atque

1810 5503 1818 5521 ¹
1861 5511 2060 5564 dixerit
2103 5529 2116 5565 :
2158 5513 2408 5578 Accipite,
2438 5512 2686 5565 comedite
2728 5522 2778 5565 et
2827 5512 2984 5564 bibite
3029 5527 3094 5565 ea:
3126 5513 3222 5564 hoc
3265 5528 3284 5565 :
3330 5511 3431 5568 hoc

1927 5694 2036 5763 (55)
2068 5693 2375 5747 Pot-tionem
2410 5695 2563 5762 panis
2602 5698 3022 5752 consecrandam
3062 5692 3297 5763 lanceola
3325 5706 3423 5746 ex-

1853 5766 2101 5837 scindunt
2130 5778 2349 5837 :_massa
2383 5765 2585 5835 reliqua
2612 5768 2664 5821 in
2693 5766 2929 5837 eulogias
2949 5766 3105 5820 cedit.
3136 5762 3335 5819 Confer
3364 5775 3421 5818 et

1853 5849 1972 5889 can.
1999 5834 2099 5890 109
2134 5832 2377 5888 Trullan.
