4194 6444
242 414 379 484 1185

1297 414 1582 477 ORATIO
1623 416 1651 477 Ι
1691 416 1991 480 CONTRA
2034 420 2451 487 ARMENIOS.

3358 439 3496 507 1186

236 530 591 598 ὤφελούντων
620 528 649 582 ὀ
674 526 909 599 Χριστὸς
940 525 1155 598 ἐσφάγη
1178 527 1319 596 ὑπὲρ
1361 530 1539 599 ἡμῶν,
1572 530 1667 583 καὶ
1716 531 1792 584 θυι

1918 532 2051 586 nihil
2081 532 2395 602 juvantibus
2448 535 2701 594 Christus
2759 550 3025 599 mactatus
3070 543 3171 599 l'nit
3215 520 3492 607 ae‘laetus

234 626 321 673 σία
354 624 566 689 γέγονε·
604 620 868 689 πρόδηλον
883 621 1202 672 αἱτοιαῦται
1236 621 1326 672 ὑπ’
1355 622 1536 673 αὐτῶν
1553 621 1811 691 τελούμε-

230 730 337 773 ναι,
371 731 431 764 ου
460 717 619 781 μόνον
646 712 921 783 σωτηρίαν
943 714 1125 775 αὐτοῖς
1155 714 1486 782 παρέχουσιν
1510 714 1646 782 (55),
1667 713 1803 766 ἀλλὰ

229 809 322 854 καὶ
365 804 653 864 Ἰουδαίους
687 806 886 866 αὐτοὺς
920 804 1334 857 ἀποδεικνύουσι
1357 820 1369 832 ·
1413 805 1529 867 πῶς
1575 805 1629 856 δὲ
1662 805 1806 871 ὠφε-

226 896 393 965 λῆσαι
422 899 602 959 αὐτοῖς
632 896 918 957 δύνανται,
956 899 1093 965 μήτε
1132 896 1241 947 τῶν
1265 896 1481 963 κτηνῶν
1508 898 1565 948 ἰν
1605 899 1668 966 τῇ
1718 899 1809 949 ὲκ·-

227 988 434 1059 κλησίᾳ
460 988 879 1057 εἰσερχομὲθων,
924 991 1060 1057 μήτε
1101 988 1497 1056 ἁγιαζομένων,
1556 990 1693 1058 μήτε
1751 992 1809 1042 έν

228 1080 306 1147 τῷ
332 1080 708 1150 θυσιαστηρίῳ
738 1081 1157 1149 εἰσερχομένων,
1184 1088 1320 1149 μήτε
1341 1083 1399 1131 ὲν
1424 1085 1487 1151 τῇ
1513 1082 1648 1152 ἁγίᾳ
1673 1098 1807 1152 τρα-

229 1173 373 1241 πέζῃ
408 1172 656 1223 ἀνελθεῖν
686 1170 1046 1240 ἀξιουμένων,
1077 1173 1214 1242 μήτε
1239 1174 1373 1235 ὅλως
1390 1174 1657 1243 ἁγιασμόν
1685 1191 1808 1227 τινα

225 1266 580 1333 δεχομένων;
616 1264 736 1326 Πῶς
772 1264 805 1333 ἢ
842 1265 893 1316 τί
936 1264 1215 1332 ὠφελῆσαι
1267 1270 1359 1318 καὶ
1420 1266 1644 1334 ἁγιάσαι
1681 1267 1808 1328 τοὺς

226 1357 368 1407 αὐτα
393 1353 643 1417 θύοντας,
665 1358 757 1405 καὶ
776 1355 1291 1425 μεταλαμϐάνοντας
1315 1358 1571 1412 δύνανται
1594 1375 1608 1425 ;
1640 1357 1806 1412 Ὅθεν

226 1449 317 1498 καὶ
348 1450 376 1497 6
403 1445 662 1511 Θεολόγος
692 1446 989 1515 Γρηγόριός
1019 1464 1190 1517 φησι·
1226 1467 1243 1499 ι
1280 1450 1550 1518 Θύσωμεν
1593 1450 1667 1519 μὴ
1706 1449 1804 1519 μό-

225 1554 411 1605 σχους,
443 1539 581 1607 μηδὲ
609 1539 815 1608 ἁμνοῦς
840 1541 1043 1609 κέρατα
1073 1540 1399 1607 ἐκφέροντας
1426 1542 1519 1591 καὶ
1555 1541 1745 1602 ὁπλάς.
1780 1560 1799 1593 ι

225 1622 389 1679 Οὗτοι
422 1628 498 1689 δὲ,
527 1630 576 1680 οί
607 1630 704 1690 τὰς
726 1629 979 1690 τοιαύτας
1011 1629 1201 1690 θυσίας
1229 1628 1327 1691 τὰς
1367 1629 1655 1689 Ίουιίαῖκάς
1680 1630 1803 1681 ἐπι-

222 1722 525 1785 τελοῦντες,
566 1724 659 1775 καὶ
687 1725 749 1774 ὲκ
772 1721 866 1774 τοῦ
900 1724 1130 1790 αἵματος
1159 1722 1340 1775 αὐτῶν
1363 1722 1459 1784 τὰς
1485 1722 1641 1789 φὶιάς
1680 1722 1807 1774 ’1ου-

221 1815 425 1876 δαῖκῶς
455 1815 721 1885 χρίοντες,
756 1832 853 1866 και
887 1818 945 1867 ὲν
970 1815 1161 1877 αὑταῖς
1195 1814 1329 1883 (36),
1360 1816 1454 1866 καὶ
1475 1815 1552 1884 τῷ
1585 1815 1799 1883 Πάσχα,

1917 622 2164 688 victima,
2211 624 2385 691 palam
2413 627 2803 696 est,ejusniodi
2838 632 3035 686 abillis
3074 634 3245 689 laetas
3287 640 3490 693 hostias

1915 714 2112 766 nedum
2167 716 2248 766 eis
2309 715 2537 768 saluti-in
2595 734 2699 770 non
2755 718 3024 782 conferre,
3090 739 3273 778 Verum
3325 732 3487 781 etiam

1909 801 2124 856 Judteos
2144 805 2457 859 ostendere.
2481 807 2588 872 Qui
2634 824 2765 863 vero
2798 812 3093 891 eosjuvare
3116 816 3228 886 (38)
3258 824 3485 885 possint,

1911 911 2031 948 cum
2056 911 2248 963 pecom
2280 912 2453 964 neque
2478 900 2528 951 in
2552 900 2838 955 ecclesiam
2902 904 3292 975 ingrediantur,
3314 927 3487 980 neque

1912 988 2342 1053 sanctiticentur,
2401 1006 2500 1044 nec
2566 992 2619 1044 in
2675 999 3047 1049 sanctuarium
3111 998 3335 1065 intrent,
3389 1020 3487 1059 nec

1911 1080 2068 1147 digna
2130 1082 2452 1145 habeantur,
2501 1098 2625 1152 quae
2675 1100 2888 1141 sacram
2925 1104 3168 1143 mensam
3219 1107 3485 1148 conscen-

1910 1170 2060 1231 dant,
2097 1183 2269 1237 neque
2301 1170 2464 1223 ullum
2512 1186 2739 1242 prorsus
2790 1179 3135 1231 sanctitatem
3172 1184 3436 1251 recipiant
3467 1202 3481 1238 :

1909 1260 2056 1323 quei,
2088 1258 2346 1324 inquam,
2396 1260 2590 1327 quidve
2637 1259 2779 1328 illos,
2817 1266 2908 1332 qui
2960 1281 3024 1317 ea
3060 1270 3387 1335 sacrificant,
3420 1287 3486 1326 ac

1908 1360 2095 1400 eorum
2168 1352 2439 1417 ercipiunt
2462 1366 2677 1415 earnes,
2704 1353 2792 1405 illa
2816 1355 3097 1423 juverinl?
3128 1358 3283 1414 Unde
3315 1363 3481 1415 etiam

1909 1441 1983 1492 ait
2024 1364 2319 1494 Gregirttts
2374 1441 2681 1494 Theoloatts
2733 1462 2748 1494 :
2811 1464 2831 1494 ι
2907 1446 3315 1494 Sacrilicmnns-
3375 1469 3479 1494 nmi

1909 1441 1983 1492 ait
2024 1440 2319 1511 Gregorius
2374 1441 2681 1514 Theologtts
2732 1462 2748 1501 :
2811 1464 2831 1498 ι
2907 1446 3318 1515 Sacrilicetnus,
3375 1469 3479 1506 non

1907 1530 2127 1596 vitulos,
2160 1547 2332 1600 neque
2371 1548 2537 1604 agnos
2565 1550 2766 1589 cornua
2806 1541 3169 1604 producentes
3214 1553 3268 1595 et
3307 1560 3482 1603 ungu-

1906 1621 1985 1676 las
2028 1623 2158 1694 (59).
2200 1642 2220 1676 ›
2254 1624 2318 1678 Hi
2354 1636 2561 1686 autem,
2607 1627 2699 1695 qui
2734 1626 3000 1693 ejusmodi
3030 1628 3289 1685 Judaicas
3326 1634 3482 1687 vieti-

1910 1728 2024 1765 mas
2061 1714 2283 1776 faciant,
2332 1719 2532 1783 quique
2565 1732 2630 1769 ex
2672 1732 2857 1770 eorum
2896 1734 3161 1787 sanguine
3195 1725 3479 1778 domorum

1909 1816 2093 1871 postes
2125 1803 2429 1857 inda-orum
2468 1821 2617 1859 more
2645 1806 2912 1871 oblinant,
2950 1820 3115 1877 atque
3153 1813 3203 1862 in
3232 1810 3387 1867 festis
3418 1830 3481 1868 ae

223 1910 347 1961 ἀντὶ
367 1909 460 1962 τοῦ
480 1908 728 1978 σώματος
757 1908 849 1961 τοῦ
873 1908 1130 1977 Χριστοῦ.
1154 1910 1211 1972 ἐξ
1234 1909 1414 1960 αὐτῶν
1440 1907 1792 1976 μεταλαμϐά-

1907 1895 2193 1958 Paschate,
2226 1896 2344 1948 loco
2373 1898 2619 1964 corporis
2648 1898 2879 1960 Christi,
2914 1915 2977 1953 ex
3013 1901 3120 1954 illis
3153 1910 3478 1973 percipiant,

220 2019 423 2063 νοντες,
456 2004 552 2054 καὶ
580 2002 773 2054 ὀστοῦν
815 2002 995 2054 αὐτῶν
1042 2000 1404 2068 φυλάττοντες
1458 2000 1507 2052 οἱ
1556 1999 1795 2060 ἀσεϐεῖς,

216 2095 276 2145 οὗ
311 2095 598 2163 φρίττουσι
620 2112 634 2160 ;
660 2096 755 2157 Τίς
773 2090 867 2147 οῦν
884 2095 1159 2156 τοιούτους
1178 2093 1244 2145 οὗ
1262 2091 1547 2152 Ἰουδαίους
1574 2091 1792 2161 μᾶλλον,

219 2188 314 2240 καὶ
344 2188 465 2257 οὐχὶ
498 2188 860 2257 Χριστιανοὺς
892 2185 1219 2239 ἀποκαλέσει
1250 2184 1511 2249 sust-4cm;

777 2322 1174 2376 ΚΕΦΑΛΑΙΟΝ
1210 2320 1263 2374 l'.

218 2440 356 2507 Περὶ
409 2436 497 2494 ὧν
540 2440 1030 2509 ,βλασφημοῦσιν
1096 2439 1149 2490 οἱ
1178 2436 1485 2509 ,Ἀρμένιοι
1541 2438 1629 2509 είς
1688 2436 1795 2489 τὸν

359 2512 661 2579 σταυρὸν,
700 2508 800 2563 καί
827 2508 1372 2567 καταϐαπτίζουσιν
1401 2508 1609 2561 αὐτόν.

287 2627 363 2678 A’.
418 2622 581 2677 Ἀλλά
607 2624 716 2693 γάρ
746 2621 838 2675 καὶ
868 2620 961 2673 τὸν
988 2621 1159 2673 τύπον
1196 2618 1287 2671 τοῦ
1318 2616 1585 2683 ζωοποιοῦ
1623 2634 1792 2669 σταυ-

216 2718 334 2787 ροῦ,
371 2717 432 2768 δν
468 2718 630 2786 ἡμεῖς
673 2716 773 2784 μὲν
828 2712 1190 2773 ἑκτυποῦντες
1252 2710 1615 2778 ἀγιαζόμεθα,
1648 2712 1695 2761 ot
1734 2709 1791 2761 δὲ

211 2810 467 2878 δαίμονες
514 2806 908 2860 ἀπελαύνονται
938 2845 951 2868 ,
984 2802 1129 2858 οῦτοι
1165 2806 1213 2857 οἱ
1253 2804 1582 2870 θεοστυγεῖς,
1614 2804 1687 2871 μὴ
1716 2798 1794 2854 εἷ-

212 2922 297 2955 ναι
316 2902 494 2969 ἆγιον,
520 2902 655 2970 μήτε
688 2898 965 2967 ὠφέλιμον
990 2896 1241 2963 λέγουσιν
1269 2914 1281 2927 ·
1302 2894 1437 2950 ἀλλά
1458 2894 1545 2946 διὰ
1566 2892 1662 2961 τῆς
1679 2892 1790 2963 (37)

213 2995 423 3048 ἑαυτῶν
471 2990 888 3061 αἰσχροκερδίας
933 2990 1027 3040 καὶ
1075 2985 1519 3055 γαστριμαργίας
1576 2982 1670 3035 καὶ
1703 2983 1791 3035 διὰ

210 3089 307 3155 τῆς
342 3085 579 3154 κρίσεως
611 3082 717 3134 τῶν
752 3081 962 3147 ἀλόγων
998 3078 1221 3141 θυσιῶν,
1254 3079 1343 3128 τὸν
1370 3074 1600 3143 σταυρὸν
1623 3072 1788 3140 ἀγιά-

213 3178 404 3240 {saliat
431 3174 670 3241 λέγουσι,
706 3174 799 3224 καὶ
832 3173 892 3223 ού
931 3171 1017 3222 διὰ
1048 3168 1138 3222 τοῦ
1179 3168 1309 3220 ἰδίου
1369 3165 1785 3234 ἑκτυπώματος.

214 3268 353 3338 Πρὸς
380 3266 473 3328 οῦς
491 3267 695 3316 δίκαιον
719 3262 1086 3331 φθέγγεσθαι·
1125 3260 1186 3310 Ὢ
1233 3257 1531 3327 ’Λρμένιοῃ
1567 3255 1789 3325 ἁρματα

208 3362 315 3415 τῶν
348 3360 661 3428 δαιμόνων·
688 3357 736 3408 εί
772 3356 870 3425 μὲν
908 3356 1013 3422 γὰρ
1070 3353 1245 3404 πάντα
1285 3352 1353 3402 τὰ
1390 3349 1497 3400 τῶν
1527 3348 1787 3416 Χριστια-

208 3455 313 3505 νῶν
350 3450 625 3521 μυστήρια
655 3452 681 3500 6
705 3448 873 3507 τύπος
917 3443 1007 3497 τοῦ
1042 3439 1276 3511 σταυροῦ
1305 3439 1544 3507 ἁγιάζει,
1579 3437 1672 3490 καὶ
1700 3438 1789 3489 τὸν

208 3546 371 3614 ἄρτον
403 3544 562 3596 αὐτὸν
592 3541 751 3608 σῶμα
795 3534 1031 3607 Χριστοῦ
1065 3534 1431 3596 ἀναδείκνυσι,
1467 3532 1560 3583 καὶ
1593 3530 1684 3581 τὸν
1711 3524 1788 3581 οἷο

206 3656 293 3689 νον
329 3636 423 3687 καὶ
452 3633 511 3686 τὸ
543 3631 687 3701 ὕδωρ
743 3625 883 3699 αἷμα
919 3624 1156 3697 Χριστοῦ
1194 3624 1430 3687 ὲκτελεί,
1474 3622 1568 3673 καὶ
1594 3621 1686 3689 τὴν
1718 3621 1788 3672 οί-

206 3729 441 3797 κοδνιμὴν
469 3726 565 3795 τῆς
593 3722 919 3791 Ἐκκλησίας
953 3720 1078 3772 ναὸν
1106 3716 1238 3770 Θεοῦ
1276 3716 1367 3767 καὶ
1396 3709 1543 3765 οἷκον
1578 3711 1785 3782 Κυρίου

204 3820 630 3881 κατασκευάζει,
665 3815 759 3868 κα.)⁸
800 3814 857 3866 τὸ
886 3828 1078 3883 μυρον,
1123 3812 1216 3861 καὶ
1258 3808 1318 3860 τὸ
1375 3808 1574 3869 ἔλαιον,
1607 3803 1666 3869 ἐξ
1710 3799 1787 3857 ὧν

203 3917 251 3969 οἱ
284 3908 605 3983 Χριστιανοὶ
631 3904 950 3974 ἁγιάζονται
982 3902 1294 3972 χριόμενοι,
1328 3900 1422 3952 καὶ
1464 3898 1645 3951 πιστοὶ
1687 3915 1784 3951 κα-

202 4005 445 4065 λοῦνται,
478 4002 574 4054 καὶ⁸
596 4000 653 4051 ὲν
685 3994 868 4068 προσώ
882 4012 996 4057 ποις
1027 3992 1207 4046 αὐτῶν
1260 3992 1356 4043 καὶ
1397 3989 1669 4060 μετώποις
1692 4028 1706 4053 ,
1736 3989 1785 4040 οἱ

205 4094 390 4146 πιστοὶ
418 4089 607 4142 τοῦτον
638 4084 1023 4147 ἐκτυποῦντες,
1050 4083 1120 4135 δι’
1144 4078 1308 4134 αὑτοῦ
1345 4083 1409 4133 ἐκ
1454 4080 1563 4132 τῶν
1612 4079 1785 4132 ἐθνῶν

203 4190 299 4241 καὶ
339 4180 582 4234 ἀπίστων
633 4176 1045 4243 διακρίνονται·
1078 4174 1173 4224 καὶ
1232 4174 1291 4223 έν
1344 4172 1462 4231 ταῖς
1516 4169 1784 4237 ἀσφαλαῖς

200 4274 311 4326 τῶν
341 4270 581 4341 χαρτίων
612 4267 749 4336 πρὸς
811 4267 1075 4317 πίστωσιν
1113 4280 1221 4315 των
1260 4260 1659 4330 γεγραμμένων
1688 4260 1783 4311 ἐκ·

200 4362 503 4422 τυποῦντες
542 4360 777 4429 σταυρὸν
807 4358 894 4410 διὰ
939 4357 1192 4426 μέλανος,
1229 4355 1353 4415 τοὺς
1387 4353 1573 4405 τοῦτον
1607 4369 1778 4421 παρα-

201 4453 488 4513 ϐαίνοντας
520 4455 612 4502 καὶ
640 4449 1031 4520 ἀρνουμένους,
1063 4447 1137 4508 ὡς
1156 4444 1394 4516 ἀρνητάς
1414 4443 1507 4496 τοῦ
1543 4441 1779 4514 Χριστοῦ

1905 2001 2074 2055 osque
2104 2002 2290 2040 eorum
2319 1998 2559 2052 servent,
2611 1990 2867 2043 homines
2897 1989 3067 2058 impii,
3093 2008 3194 2045 non
3224 1996 3481 2051 horrent?

1903 2076 2037 2144 Quis
2067 2094 2198 2147 ergo
2230 2080 2309 2133 sic
2345 2080 2607 2134 habentes
2655 2096 2760 2135 non
2798 2083 2994 2135 merito
3021 2080 3237 2139 Jutlteos
3302 2093 3477 2155 potius

1904 2185 2067 2240 quam
2102 2169 2451 2226 Christianos
2483 2171 2666 2228 dicat?

2523 2331 2753 2390 CAPUT
2792 2334 2859 2389 Χ.

1904 2462 1980 2518 De
2027 2463 2389 2530 blasphemiis,
2438 2481 2571 2532 quas
2615 2467 2849 2539 Armenii
2879 2470 2931 2523 in
2965 2485 3169 2524 crucem
3212 2485 3474 2539 evomunt,

2140 2544 2298 2603 utque
2330 2550 2603 2601 perperam
2637 2538 2782 2588 illam
2814 2541 3075 2605 baptizent
3106 2540 3243 2609 (ΑΟ).

1977 2642 2017 2699 1.
2064 2642 2168 2697 Sed
2222 2654 2276 2698 et
2326 2645 2554 2699 vivilieai
2606 2647 2784 2700 crucis
2842 2646 3122 2715 ﬁguram,
3181 2652 3335 2718 cujus
3378 2670 3475 2707 nos

1900 2736 2254 2803 expressione
2296 2737 2727 2802 sanctiﬁcaniur,
2776 2753 2839 2791 ac
2885 2738 3140 2807 fugantur
3173 2746 3474 2809 daemones,

1899 2826 2010 2880 Deo
2080 2827 2472 2882 abominabiles
2549 2828 2638 2882 isti
2711 2841 2956 2883 sanetam
3045 2843 3239 2901 negant.
3311 2844 3474 2904 atque

1900 2918 2084 2972 utilem
2133 2937 2146 2973 :
2175 2919 2305 2987 quin
2347 2920 2518 2987 turpis
2552 2935 2741 2974 eorum
2778 2921 2911 2974 lucri
2946 2937 3009 2976 ac
3030 2925 3237 2978 ventris
3267 2929 3469 2989 studio,

1899 3012 2150 3065 tinctione
2180 3014 2577 3067 irrationalium
2612 3015 2985 3076 victimarum,
3026 3032 3130 3070 non
3157 3019 3273 3086 ejus
3302 3021 3471 3087 ipsius

1897 3106 2265 3173 eitpressione,
2299 3120 2515 3160 crucem
2550 3108 2702 3159 aiunt
2724 3107 3078 3163 sanctilieari.
3112 3109 3156 3162 Ο
3195 3111 3462 3175 Armenii,

1898 3198 2202 3249 daemonum
2256 3197 2480 3251 currusl
2530 3195 2806 3265 Siquidem
2866 3197 3036 3265 ﬁgura
3088 3200 3268 3255 crucis
3314 3202 3474 3254 Chri-

1893 3287 2188 3339 stianorum
2220 3296 2564 3340 sacramenta
2614 3289 2862 3341 universa
2897 3288 3225 3352 sanctiﬁcat,
3264 3294 3469 3357 ipsum-

1891 3393 1997 3445 que
2062 3392 2251 3446 panem
2302 3377 2503 3431 Christi
2566 3394 2764 3446 corpus
2832 3379 2997 3441 lui-it,
3056 3395 3120 3433 ae
3169 3382 3351 3436 vinum
3415 3395 3468 3437 et

1891 3481 2087 3534 aquam
2173 3466 2376 3520 Chiisti
2454 3468 2770 3536 sanguinem
2842 3468 3043 3531 ellieit,
3114 3471 3471 3540 eet-lesinqne

1890 3560 2176 3612 (editicium
2214 3559 2463 3627 templum
2501 3559 2592 3612 Dei
2629 3574 2690 3612 ae
2740 3560 2955 3613 domum
3008 3559 3216 3614 Domini
3263 3567 3464 3616 consti-

1893 3652 2170 3705 tuit:nec
2224 3666 2330 3704 non
2378 3660 2712 3719 unguentum
2767 3664 2930 3721 atque
2989 3656 3164 3708 oleum
3223 3658 3463 3721 conﬁcit,

1890 3756 2116 3810 quorum
2168 3742 2419 3796 unctione
2463 3740 2760 3796 Christiani
2819 3742 3251 3810 sanetilieantur,
3302 3763 3366 3802 ac
3398 3749 3465 3802 li-

1892 3834 2038 3888 deles
2091 3834 2734 3903 appellantur:eainque
2787 3834 2971 3890 ﬁdeles
3024 3837 3077 3890 in
3132 3838 3369 3894 vultibus
3399 3856 3463 3895 ac

1894 3924 2162 3980 {rentibus
2216 3941 2330 3980 suis
2390 3925 2775 3993 exprimentes,
2813 3941 2909 3994 per
2955 3943 3073 3981 cam
3121 3944 3151 3982 a
3208 3931 3461 3998 gentibus

1890 4025 1953 4065 ac
1988 4010 2291 4064 intidelibus
2323 4012 2702 4065 discernuntur
2734 4030 2747 4066 :
2782 4016 2876 4067 sed
2936 4024 2990 4069 et
3042 4016 3095 4068 in
3142 4019 3454 4072 chartarum

1887 4104 2211 4171 scriptarum
2245 4104 2429 4166 tidem,
2461 4113 2769 4157 atramento
2805 4121 3021 4159 crucem
3068 4110 3452 4175 exprimentes,

1884 4208 1977 4247 eos
2012 4194 2098 4259 qui
2145 4208 2262 4246 eain
2306 4196 2776 4263 transgrediuntur
2826 4211 2891 4249 ae
2944 4207 3159 4265 negant,
3198 4210 3449 4266 tanquam

1885 4287 1973 4354 qui
2008 4285 2281 4340 Christum
2316 4299 2528 4355 negent,
2569 4287 2993 4341 condemnamus
3019 4306 3032 4342 :
3062 4290 3183 4357 quei
3236 4306 3449 4343 rursum

1887 4376 2054 4445 ligura
2079 4378 2277 4441 crucis,
2302 4392 2397 4430 ceu
2438 4376 2812 4444 imperfecturn
2838 4377 2965 4444 quid
2996 4392 3059 4431 ac
3090 4378 3443 4442 imbecillum,

1885 4482 1979 4535 per
2010 4468 2173 4520 alium
2209 4471 2423 4521 modum
2445 4482 2505 4520 ac
2526 4466 2805 4521 Jndaieam
2832 4471 3123 4527 victimam.
3148 4474 3301 4537 quasi
3338 4476 3447 4538 ip~a

202 4543 603 4612 xaraxgivopsv
678 4541 794 4604 πῶς
823 4542 982 4593 πάλιν
1017 4542 1045 4592 6
1074 4537 1241 4600 τύπος
1274 4536 1366 4589 τοῦ
1414 4537 1673 4601 σταυροῦ,
1705 4534 1778 4598 ὡς

1909 4560 2159 4611 inmunda
2190 4560 2347 4618 l'oret.
2378 4559 2771 4623 sanctiﬁcatur,
2798 4574 2858 4612 ac
2887 4560 2961 4613 ita
2992 4561 3285 4613 adorator?
3314 4562 3447 4615 Cum

198 4637 395 4707 ἀτελὴ;
429 4638 525 4687 καὶ
548 4636 857 4704 άνίσχυρος,
892 4634 956 4685 δι’
989 4632 1177 4702 ἑτέρου
1221 4632 1428 4699 τρόπου
1459 4633 1553 4683 καὶ
1588 4629 1779 4692 θυσίας

212 4728 535 4797 Ἰουδαϊκῆς,
582 4727 656 4789 ὡς
720 4724 1026 4794 ἀκάθαρτος
1088 4721 1395 4791 ἁγιάζεται,
1455 4721 1550 4774 καὶ
1608 4720 1781 4783 οὕτως

199 4824 623 4889 προσκυνείταις
666 4819 728 4871 Ei.
760 4817 859 4887 μὲν
886 4820 993 4885 γάρ
1035 4820 1215 4868 πάντα
1247 4815 1410 4877 αὐτὸς
1459 4814 1674 4881 ἁγιάζει
1715 4812 1783 4866 τὰ

196 4916 308 4967 τῶν
362 4911 705 4981 Χριστιανῶν
757 4912 1031 4979 μυστήρια
1082 4909 1170 4960 διά
1230 4906 1324 4958 τοῦ
1378 4906 1533 4970 ἁγίου
1586 4905 1778 4967 τύπου,

198 5007 427 5073 ὕστερον
480 5005 575 5055 καὶ
624 5002 786 5063 αὐτὸς
846 5001 1159 5069 ἁνίσχυρος,
1206 4996 1301 5050 καὶ
1346 4994 1631 5063 ἀνωφελὴς
1680 4996 1775 5046 καὶ

195 5100 412 5157 ἀνόσιος
435 5096 749 5165 εὑρίσκεται
779 5107 791 5119 ·
813 5090 926 5152 πῶς
953 5092 1051 5142 οὐκ
1077 5090 1181 5141 εἰσὶ
1207 5094 1275 5139 τα
1298 5086 1405 5139 τῶν
1430 5083 1772 5155 Χριστιανῶν

200 5194 476 5262 μυστήρια
513 5188 717 5257 μάταια
752 5185 846 5238 καὶ
872 5183 1198 5255 ἀκάθαρτας
1239 5183 1299 5234 Εἰ
1335 5182 1432 5251 μὲν
1468 5185 1575 5249 γάρ
1594 5180 1774 5233 πάντα

195 5288 303 5337 ἀπὸ
355 5282 554 5354 μικροῦ
599 5284 689 5335 καὶ
744 5279 980 5350 μεγάλου
1017 5281 1044 5331 6
1087 5292 1255 5340 τυπος
1306 5278 1471 5330 αὑτοῦ
1527 5278 1767 5346 ἁγιάζει,

1878 4651 2024 4704 enim
2057 4666 2211 4713 crux,
2261 4666 2515 4718 expressa
2565 4651 2680 4718 ejus
2730 4651 2924 4718 litura.
2958 4653 3137 4703 omnia
3174 4652 3443 4705 Christia-

1880 4757 2071 4796 norum
2115 4743 2365 4813 mysteria
2400 4742 2735 4807 sanetilicet;
2768 4742 3031 4811 siquidem
3080 4745 3192 4811 ipsa
3228 4759 3445 4812 quoque

1881 4834 2223 4899 postmodum
2281 4834 2569 4897 imbecilla,
2631 4834 2857 4895 inutilis,
2902 4849 2967 4888 ac
3016 4833 3237 4902 profano
3297 4837 3448 4889 inve-

1884 4924 2028 4976 nitur
2072 4924 2242 4993 :quei
2295 4938 2399 4976 uoti
2461 4924 2898 4978 Christianorum
2960 4929 3214 4995 mysteria
3267 4928 3444 4979 ἧιιζιςιιᾉ

1883 5017 1993 5068 sint
2033 5031 2095 5067 ac
2148 5017 2468 5069 immunda?
2502 5016 2725 5081 Quando
2760 5021 2901 5067 enim
2960 5020 3136 5068 erucis
3190 5016 3356 5079 ﬁgura
3418 5030 3446 5068 ο

1882 5105 2075 5157 minori
2100 5107 2166 5159 ad
2205 5108 2377 5172 majus
2405 5112 2653 5159 universa
2687 5104 3150 5173 sanctilicat,jn.u
3194 5108 3445 5171 deinevi-s

1879 5197 2189 5257 ostendant.
2220 5197 2359 5266 quod
2396 5196 2687 5249 exhibeant
2717 5199 2888 5261 majus
2920 5199 3157 5263 signum,
3200 5213 3259 5247 at:
3298 5195 3431 5263 lign-

1884 5300 1999 5338 ram
2033 5288 2218 5353 aliain,
2248 5303 2351 5355 qua
2391 5302 2612 5341 crucem
2659 5288 3002 5341 sanetilit-arc
3042 5289 3267 5354 possint.

196 5383 531 5444 δειξάτωσαν
553 5382 685 5449 ἡμῖν
714 5380 924 5442 λοιπὶν,
986 5376 1039 5429 τί
1104 5377 1424 5447 μειζότερον
1452 5378 1587 5448 ἡμῖν
1621 5382 1848 5449 σημεῖον
1884 5382 2209 5449 δεικνύουσι,
2268 5385 2361 5437 καὶ
2408 5385 2579 5436 τύπον
2630 5384 2808 5448 ἄλλον,
2866 5382 2935 5437 δι’
2972 5382 3033 5436 οῦ
3076 5385 3164 5437 τὸν
3213 5381 3445 5453 σταυρὸν

198 5476 449 5545 ἁγιὰζειν
477 5474 755 5529 δύνανται.

265 5654 377 5726 (35)
413 5654 573 5726 Forte
611 5654 686 5725 μὴ
719 5654 1040 5726 παρέχουσι.

264 5723 378 5794 (56)
409 5723 547 5793 Lege
576 5723 816 5794 ἑορταῖς.

263 5794 375 5865 (57)
405 5794 445 5865 E
448 5804 564 5849 orte
594 5796 711 5854 τάς.

264 5864 379 5937 (58)
409 5864 543 5921 Cati.
574 5864 640 5922 78
679 5865 847 5921 Trull.

1946 5652 2060 5722 (σθ)
2087 5651 2238 5722 Orat.
2275 5650 2366 5708 te.

1946 5718 2059 5794 (40)
2111 5720 2302 5794 Totum
2345 5724 2447 5794 hoe
2492 5729 2652 5788 caput
2704 5723 3089 5794 attendendum
3141 5734 3265 5794 cum
3306 5718 3447 5772 rela-

1873 5789 2015 5847 tione
2044 5789 2110 5846 nd
2153 5793 2382 5848 haeresin
2422 5789 2801 5847 Armeniorum
2838 5812 2849 5849 :
2888 5791 3087 5865 alioqui
3126 5792 3248 5863 plus
3289 5806 3444 5860 a-quo

1877 5875 2115 5933 urgeret.
