4194 6444
688 382 821 444 1187

1769 386 2020 447 ISAACI
2062 384 2438 446 ARMENI/E
2475 385 2884 448 CATHOIJCI

3810 384 3946 446 1188

756 500 821 553 ll.
869 479 998 552 Nam
1059 500 1240 555 ovium
1293 502 1569 557 victimam
1636 504 1798 575 plane
1879 520 1977 574 per
2038 517 2258 557 crucem

2439 501 2514 558 B'.
2552 505 2664 574 Τὴν
2697 506 2808 574 γὰρ
2850 504 3043 556 θυσίαν
3073 501 3181 554 τῶν
3218 501 3503 571 προϐάτων
3535 500 3621 553 διὰ
3656 498 3750 552 τοῦ
3782 516 3951 554 σταυ-

683 593 1046 657 sanctiﬁcanl,
1085 608 1246 661 quam
1297 594 1549 650 Christus
1600 596 1692 651 Dei
1751 597 1940 660 Filius,
1994 594 2164 651 clavis
2206 595 2259 648 in

684 697 744 737 ea
770 701 864 752 pro
886 685 1040 739 nobis
1067 687 1332 751 conﬁxus,
1355 689 1748 757 sanctiﬁcavit;
1775 691 2001 759 ejusque
2020 690 2258 757 signum,

686 790 974 828 commnne
1010 777 1388 831 universorum
1423 779 1880 835 sanctiﬁcationis
1929 780 2262 832 instrumen-

684 877 796 918 tum
830 868 1029 921 eﬂecit.
1061 870 1526 933 Quemadmodum
1561 873 1729 936 enim,
1765 882 2054 938 antequam
2103 869 2262 923 Cliri-

685 971 803 1012 SlIlS
846 963 992 1013 cruci
1042 961 1378 1030 :ifligcretnr,
1436 971 1555 1015 erat
1605 964 1691 1018 illa
1738 963 2138 1016 maledictionis
2167 978 2258 1015 or-

684 1069 908 1120 ganum,
939 1052 1164 1121 ejusque
1201 1055 1366 1122 ﬁgura
1396 1055 1775 1109 abominabilis
1807 1072 1818 1107 :
1845 1069 1910 1108 ex
1941 1070 2049 1123 quo
2078 1063 2256 1108 autem

685 1145 935 1197 Christus
968 1147 1016 1194 iu
1055 1162 1113 1196 ea
1145 1146 1243 1197 fuit
1268 1147 1486 1209 aflixns,
1519 1146 1633 1214 ipsa
1658 1148 2005 1200 sanctitatem
2045 1149 2258 1207 ascivit,

683 1236 908 1303 ejusque
943 1241 1110 1305 ligura
1152 1254 1213 1290 ac
1244 1238 1477 1308 signum,
1521 1239 1626 1291 vim
1660 1239 2038 1293 sanctiﬁcandi
2074 1240 2256 1292 omnia

683 1343 848 1394 accep
879 1341 916 1391 ι,
948 1345 1247 1399 omnesque
1271 1330 1391 1397 ejus
1435 1329 1487 1382 in
1521 1344 1579 1382 se
1607 1329 1835 1400 ﬁguram
1866 1333 2258 1400 exprimentes,

683 1421 1018 1473 sanctilicari
1074 1437 1131 1474 se
1177 1422 1454 1474 credunt:
1493 1424 1566 1474 ita
1617 1423 1806 1491 liquet,
1841 1434 2082 1478 sanctam
2140 1439 2261 1478 esse

685 1528 1067 1580 quamcunque
1102 1527 1340 1576 crucem,
1377 1516 1489 1583 ipsa
1545 1517 1625 1568 sni
1658 1517 2012 1584 expressione
2058 1518 2260 1569 sancti-

684 1615 846 1657 talem
883 1606 1174 1657 habentem
1215 1617 1583 1673 :sanctosque
1614 1609 1750 1671 ﬁeri,
1794 1611 1881 1676 qui
1916 1610 2141 1662 adorant
2197 1625 2261 1662 ac

685 1697 787 1750 lide
817 1699 1154 1751 osculantur.
1192 1699 1344 1764 Quod
1396 1701 1438 1752 si
1487 1705 1698 1770 signum
1737 1703 1913 1755 crucis
1955 1701 2143 1756 inutile
2177 1712 2259 1755 est

682 1804 746 1841 ac
777 1790 1136 1854 immundum,
1165 1803 1217 1842 ut
1257 1789 1331 1842 illi
1367 1791 1529 1860 impie
1566 1802 1858 1861 nugantnr,
1897 1793 2115 1860 planum
2149 1803 2256 1854 est,

2370 598 2467 668 ροῦ
2523 597 2742 660 πάντως
2795 596 3135 663 ἀγιάζουσιν,
3171 593 3230 646 6v
3261 595 3290 645 6
3352 592 3588 663 Χριστὸς
3620 594 3648 645 6
3696 591 3824 655 Υίὸς
3856 591 3952 643 τοῦ

2365 686 2501 739 Θεοῦ
2543 686 2766 757 ήγίασε,
2825 687 3166 757 σταυρωθεὶς
3213 688 3272 739 ὲν
3330 684 3479 753 αὐτῷ
3520 685 3587 735 δι’
3621 685 3787 752 ἡμᾶς,
3851 683 3951 735 καὶ

2368 778 2587 846 σταυρῷ
2643 777 3040 848 προσηλωθε¹τς,
3095 776 3193 830 καὶ
3245 775 3339 828 τὸν
3382 775 3551 828 τύπον
3583 773 3750 826 αὑτοῦ
3784 773 3950 839 ἀγια-

2368 875 2592 940 στήριον
2643 871 2863 923 πάντων
2912 869 3218 934 ἀναδείξας.
3261 869 3473 937 Ὥσπερ
3533 867 3644 936 γὰρ
3711 867 3817 938 πρὸ
3847 864 3948 932 τῆς

2364 964 2604 1033 Χριστοῦ
2643 961 3035 1033 σταυρώσεως,
3073 964 3101 1015 6
3141 961 3374 1029 σταυρὸς
3399 961 3646 1029 κατάρας
3671 955 3742 1033 ἦν
3784 960 3948 1026 ὄργα·

2367 1071 2476 1119 νον,
2510 1055 2601 1106 καὶ
2628 1056 2656 1106 6
2700 1054 2866 1116 τύπος
2911 1052 3078 1105 αὑτοῦ
3144 1051 3463 1121 βδελυκτός’
3496 1052 3589 1118 ἀφ’
3628 1045 3689 1102 οὗ
3721 1050 3776 1102 δὲ
3811 1051 3947 1118 Χρι-

2367 1148 2490 1211 στὸς
2521 1148 2578 1199 ὲν
2603 1147 2751 1215 αύτῷ
2785 1144 3133 1214 ἐσταυρώθη,
3162 1144 3326 1206 αὐτὸς
3361 1145 3388 1194 6
3422 1144 3654 1211 σταυρὸς
3680 1142 3944 1212 ἡγιάσθη,

2365 1240 2456 1289 καὶ
2489 1238 2517 1288 6
2547 1237 2719 1299 τύπος
2747 1233 2913 1287 αὐτοῦ
2954 1233 3315 1303 ἀγιαστήριον
3340 1233 3562 1285 πάντων
3585 1233 3775 1297 γέγονε
3800 1244 3820 1263 ⁸
3853 1232 3948 1282 καὶ

2364 1331 2564 1392 πάντες
2603 1328 2692 1380 τὸν
2726 1327 2897 1380 τύπον
2932 1326 3098 1379 αὑτοῦ
3133 1328 3190 1378 ἐν
3213 1325 3361 1395 αὐτῷ
3405 1325 3518 1394 (41)
3554 1323 3946 1387 ὲκτυποῦντες,

2363 1422 2692 1491 ἀγιασθῆναι
2728 1419 3079 1472 πιστεύουσιν
3102 1435 3114 1447 ο
3141 1418 3282 1471 οὕτω
3320 1418 3498 1488 δῆλον,
3537 1419 3619 1471 ὅτι
3653 1419 3745 1470 καὶ
3775 1420 3881 1478 πᾶς
3922 1421 3949 1469 6

2364 1516 2594 1584 σταυρὸς
2615 1515 2770 1581 ἀγιός
2800 1515 2937 1574 ἐστι,
2962 1513 3049 1565 διὰ
3075 1512 3167 1564 τοῦ
3198 1511 3326 1564 ίδίου
3350 1511 3746 1576 ὲκτυπώματος
3781 1513 3945 1578 μόνον

2362 1607 2747 1675 ἀγιαζόειενος,
2787 1606 2951 1666 αὐτός
2976 1620 3033 1656 τε
3063 1602 3158 1655 καὶ
3197 1604 3246 1656 oi
3275 1602 3463 1654 τοῦτον
3489 1600 3948 1670 προσκυνοῦντες,

2361 1697 2569 1760 πιστῶς
2621 1697 3012 1765 ἀσπαζόμενοι.
3049 1696 3108 1747 Ei
3160 1695 3214 1747 δὲ
3267 1696 3296 1746 6
3331 1694 3502 1756 τύπος
3557 1693 3649 1743 τοῦ
3708 1692 3948 1761 σταυροῦ

2362 1789 2649 1859 ἀνωφελής
2691 1793 2808 1842 ἐστι
2845 1790 2937 1840 καὶ
2992 1788 3323 1857 ἀκάθαρτος,
3364 1787 3436 1847 ὠς
3479 1787 3635 1837 αὐτοὶ
3669 1775 3950 1854 φλυαροῦ-

680 1885 868 1934 eodem
911 1884 1070 1935 modo
1119 1883 1322 1936 habere
1373 1899 1431 1936 se
1486 1900 1823 1953 qnzecnnque
1869 1885 1941 1937 illi
1979 1901 2075 1954 per
2131 1885 2259 1938 illud

2368 1900 2452 1934 σιν
2483 1882 2719 1944 ἀσεϐῶς,
2761 1882 2922 1941 δῆλον
2951 1881 3034 1932 ὅτι
3063 1880 3157 1932 καὶ
3193 1881 3371 1932 πάντα
3394 1919 3406 1940 ,
3443 1878 3479 1931 ἃ.
3510 1878 3597 1929 διὰ
3638 1877 3734 1930 τοῦ
3773 1878 3949 1928 τύπου

681 1975 1049 2028 Sanetiﬁcaut.
1082 1975 1312 2044 Jamque
1348 1978 1398 2029 in
1431 1978 1511 2030 eis
1537 1961 1669 2031 nihil
1704 1986 1948 2032 remanet
1980 1989 2258 2043 sanctum;

681 2085 787 2121 non
827 2082 1182 2138 unguentum,
1241 2085 1344 2121 non
1401 2070 1603 2137 oleum,
1661 2087 1769 2124 non
1815 2086 2009 2141 corpus
2042 2086 2104 2125 ac
2132 2086 2264 2125 san-

682 2161 800 2230 guis
836 2162 1065 2222 Christi,
1106 2177 1209 2214 non
1265 2161 1358 2214 Dei
1395 2162 1673 2229 templum.
1721 2160 1830 2216 Nec
1865 2162 1964 2231 ipsi
2016 2161 2261 2216 sanctill-

681 2264 877 2306 cantur
903 2269 1119 2305 crucem
1154 2254 1203 2305 in
1235 2234 1429 2322 seipsis
1456 2253 1847 2322 exprimentes,
1880 2268 1978 2308 nec
2009 2268 2108 2323 per
2142 2252 2260 2320 ejus

680 2348 893 2414 signum
945 2347 1081 2400 alios
1139 2331 1510 2400 sanctiﬁcant.
1564 2344 1748 2415 Neque
1807 2347 2024 2400 victima
2075 2360 2259 2400 eorum

679 2449 869 2493 sancta
908 2448 1012 2503 est,
1046 2454 1206 2508 quam
1262 2455 1359 2507 per
1408 2439 1588 2491 crucis
1621 2438 1958 2506 signaculum
2018 2437 2263 2491 sanctifi-

679 2539 894 2592 cat-unt,
924 2543 986 2581 ac
1024 2543 1119 2596 per
1145 2542 1304 2594 quam
1343 2542 1551 2588 rursus,
1580 2527 1655 2580 uti
1691 2527 1895 2582 insulse
1938 2529 2258 2596 opinantur,

681 2635 904 2674 erucem
950 2620 1318 2673 sanctilicaut.
1373 2619 1518 2672 Nihil
1553 2634 1740 2674 eorum
1786 2621 2158 2688 pruculcatum
2188 2621 2261 2676 si-

680 2712 892 2779 gillum,
930 2712 998 2763 ob
1045 2711 1224 2764 crucis
1259 2709 1531 2778 adjectum
1577 2711 1944 2780 signaculum,
2002 2713 2262 2783 deinceps

681 2819 855 2872 paenae
895 2803 1208 2858 conciliabit
1239 2819 1303 2857 ae
1333 2805 1607 2874 supplicii,
1650 2807 1729 2858 uti
1766 2807 1971 2860 dictum
2011 2815 2116 2861 est.
2153 2805 2260 2861 Res

677 2914 867 2952 eorum
898 2901 1188 2966 universae,
1216 2915 1352 2968 quas
1382 2911 1602 2953 sanctas
1626 2901 1967 2958 existimant.
1996 2916 2131 2970 quas
2166 2917 2262 2969 per

677 2990 1016 3059 signaculum
1067 3004 1130 3044 ac
1177 2993 1355 3045 crucis
1405 2991 1631 3057 ﬁguram
1689 2994 2055 3059 sanetilicant,
2107 3007 2258 3047 com-

677 3099 870 3136 munes
910 3094 1070 3151 atque
1129 3083 1421 3137 immunda:
1457 3081 1832 3152 perseverant.

752 3175 843 3228 lll.
878 3174 1250 3244 Deincepsque
1276 3177 1571 3229 ostendant
1606 3175 1764 3230 nobis
1817 3176 1991 3243 majus
2045 3176 2258 3248 aliquod
2288 3213 2331 3273 ο

678 3283 739 3319 ac
772 3268 1018 3321 sanctius
1056 3269 1293 3337 signum,
1337 3283 1431 3336 per
1467 3269 1608 3335 quod
1656 3281 1873 3322 crucem
1911 3279 2100 3337 putent
2135 3286 2254 3325 san-

679 3361 927 3414 ctilicari.
955 3361 1192 3415 Omnino
1219 3363 1361 3415 enim
1388 3363 1532 3430 quod
1567 3361 1876 3415 sanctificat
1899 3363 2062 3425 aliud,
2087 3364 2258 3429 ipsum

681 3455 925 3506 sanctius
950 3463 1055 3516 est,
1079 3452 1233 3520 juxta
1265 3453 1407 3522 quod
1441 3452 1516 3504 ait
1540 3449 1871 3520 Apostolus:
1907 3453 2061 3518 Quod
2086 3455 2260 3508 minus

679 3553 780 3609 est,
821 3560 853 3596 a
891 3543 1096 3596 meliori
1135 3543 1462 3596 benedicitur
1489 3542 1554 3596 ³³.
1606 3541 1696 3597 Sic
1743 3557 1872 3597 vero
1906 3544 2053 3614 impii
2089 3547 2263 3600 homi-

680 3651 775 3689 nes
827 3636 879 3688 iu
927 3637 1324 3689 sanctissimam
1375 3637 1603 3705 figuram
1656 3648 1721 3689 ac
1770 3628 1982 3705 signum
2038 3637 2264 3692 \‘iviilca:

680 3729 861 3784 crucis
891 3729 1194 3798 blaSphemi
1223 3738 1349 3782 sunt
1379 3744 1393 3780 :
1428 3729 1621 3798 sicque
1652 3742 1870 3782 crucem
1898 3728 2096 3784 studiis
2125 3730 2262 3792 suis.

680 3824 878 3890 quibus
945 3821 1289 3875 sanctiﬁcare
1346 3820 1699 3885 existimant,
1753 3819 2021 3875 infamant
2069 3824 2262 3894 magis,

681 3916 1040 3984 inutilemque
1071 3930 1134 3969 ac
1173 3913 1498 3969 imbecillem
1535 3913 1834 3969 ostendunt

1286 4221 1515 4278 CAPUT
1567 4221 1659 4277 XI.

737 4338 812 4392 De
844 4338 1083 4391 crucium
1114 4335 1490 4390 coniunctione
1515 4352 1676 4406 quam
1711 4336 1944 4389 Armenii
1978 4335 2205 4405 faciunt.

2365 1976 2532 2030 αὑτοῦ
2575 1973 2898 2043 ἀγιάζουσι·
2944 1977 3039 2026 καὶ¹
3079 1973 3266 2027 λοιπὸν
3297 1974 3397 2024 οὐκ
3447 1970 3631 2040 ἔχουσί
3673 1989 3726 2023 τι
3763 1973 3820 2023 ὲν
3849 1972 3948 2022 αύ-

2364 2076 2477 2134 τοῖς
2528 2070 2683 2139 ἅγιον
2711 2085 2723 2099 ⁸
2753 2070 2815 2122 οὐ
2871 2068 3044 2139 μύρον
3070 2085 3083 2100 ⁸
3111 2068 3211 2122 οὐκ
3261 2068 3437 2120 ἔλαιον
3463 2083 3476 2096 ·
3505 2067 3566 2119 οὐ
3645 2065 3807 2134 σῶμα
3856 2065 3951 2116 καὶ

2366 2159 2504 2234 αἷμα
2528 2163 2768 2234 Χριστοῦ
2790 2181 2804 2195 ·
2837 2165 2897 2216 ού
2929 2163 3056 2216 ναὸν
3082 2162 3236 2216 Θεοῦ.
3264 2164 3379 2215 Οὐκ
3415 2161 3572 2215 αὐτοὶ
3603 2160 3949 2227 ἀγιάζονται,

2364 2259 2669 2321 ὲνπὲαυτοίς
2725 2258 2816 2309 τὸν
2872 2257 3110 2325 σταυρὸν
3166 2254 3694 2315 ὲκτυποῦντες.υύκ
3754 2251 3952 2313 ἄλλους

2364 2351 2452 2404 διὰ
2481 2351 2574 2403 τοῦ
2608 2351 2780 2402 τύπου
2816 2350 2980 2401 αὑτοῦ
3027 2351 3369 2417 ἁγιάζουσιν.
3404 2348 3538 2416 Οὐχὶ
3571 2346 3728 2398 θυσία
3769 2345 3951 2398 αὐτῶν

2367 2443 2500 2509 ἁγία
2529 2443 2697 2506 ἐστὶν,
2729 2441 2795 2512 ἢν
2824 2442 2910 2495 διὰ
2943 2442 3042 2511 τῆς
3072 2442 3375 2512 σφραγῖδος
3403 2441 3498 2492 τοῦ
3530 2438 3766 2508 σταυροῦ
3791 2439 3953 2507 ἡγία-

2368 2552 2489 2597 σαν,
2529 2535 2623 2587 καὶ
2651 2535 2740 2587 διὰ
2765 2534 2865 2603 τῆς
2913 2534 3084 2603 αὐτῆς
3125 2534 3321 2595 θυσίας
3364 2533 3523 2585 πάλιν
3566 2534 3656 2584 τὸν
3691 2532 3957 2599 σταυρίν,

2366 2626 2633 2695 ἀνοήτως,
2670 2623 2746 2686 ὡς
2778 2621 3119 2699 νομίζουσιν,
3167 2624 3487 2691 ἀγιάξουσιν
3512 2640 3525 2653 ·
3551 2624 3672 2691 οὐχὶ
3703 2625 3734 2691 ἡ
3765 2621 3950 2689 ἀσφά-

2363 2714 2484 2767 λεια
2533 2714 2714 2768 αὐτῶν
2740 2716 3065 2784 πατηθεῖσα,
3098 2715 3186 2769 διά
3220 2716 3314 2768 τὸν
3354 2714 3528 2767 τύπον
3558 2715 3652 2766 τοῦ
3684 2712 3950 2784 σταυροῦ,

2367 2807 2590 2860 κόλασιν
2621 2805 2877 2876 προξενεῖ
2908 2808 3000 2859 καὶ
3027 2807 3302 2877 τιμωρίαν
3329 2805 3536 2871 λοιπὸν,
3573 2803 3758 2868 καθὼς
3801 2807 3955 2876 εἴρη-

2364 2916 2476 2953 ται.
2526 2899 2713 2951 Πάντα
2761 2899 2939 2952 αὐτῶν
2987 2901 3053 2952 τά
3109 2901 3444 2968 νομιζόμενα
3473 2901 3626 2968 ἅγια,
3665 2900 3700 2952 ἃ
3730 2901 3818 2952 διὰ
3849 2900 3950 2967 τῆς

2368 2992 2664 3062 σφραγίδος
2721 2995 2814 3044 καὶ
2870 2991 2963 3045 τοῦ
3011 2991 3184 3045 τύπου
3222 2992 3328 3045 -τοῦ
3388 2991 3626 3062 σταυροῦ
3685 2993 3951 3059 ἡγίασαν,

2367 3087 2546 3138 πάντα
2577 3087 2801 3154 μένουσι
2825 3086 2980 3138 κοινά
3012 3088 3102 3139 καὶ
3125 3088 3436 3156 ἀκάθαρτα.
3523 3112 3526 3115 ·

2435 3178 2510 3230 Γ’.
2547 3179 2658 3229 Καὶ
2678 3178 2866 3230 λοιπὸν
2891 3179 3227 3245 δειξάτωσαν
3257 3181 3396 3248 ἡμῖν
3417 3178 3475 3230 τὸ
3506 3178 3824 3246 μειζὸτερον
3858 3194 3952 3247 ση-

2371 3275 2524 3344 μεῖον
2561 3273 2652 3324 καὶ
2688 3272 3016 3341 ἀγιώτερον,
3059 3269 3128 3322 δι’
3161 3264 3220 3323 οὗ
3270 3272 3362 3322 τὸν
3416 3273 3650 3340 σταυρὸν
3700 3270 3953 3336 άγιάζειν

2369 3365 2675 3435 νομίζουσι.
2708 3365 2935 3426 Πάντως
2964 3365 3072 3433 γὰρ
3108 3365 3249 3431 ὅπερ
3289 3364 3477 3433 ἕτερον
3518 3366 3757 3432 πρᾶγμα
3794 3365 3955 3430 ἀγιάι

2369 3460 2473 3523 ζει,
2507 3457 2636 3509 αὐτὸ
2651 3456 2959 3526 ἀγιώτερόν
2989 3458 3130 3520 ἐστι,
3153 3454 3336 3517 καθώς
3359 3472 3522 3524 φησιν
3549 3457 3574 3505 6
3605 3456 3949 3517 Ἀπόστολος.

2367 3552 2452 3604 ὅτι
2514 3552 2584 3603 Τὸ
2619 3550 2875 3612 ἔλαττον
2917 3549 3035 3602 ὑπὸ
3071 3548 3176 3601 τοῦ
3216 3554 3554 3616 κρείττονος
3585 3546 3948 3612 εὐλογεῖται.

2369 3646 2478 3698 Καὶ
2513 3645 2687 3707 οὕτως
2715 3645 2815 3714 μὲν
2851 3637 2998 3696 οὗτοι
3028 3643 3077 3695 oi
3125 3643 3368 3704 ἀσεὸεῖς,
3401 3643 3647 3712 περὶτοῦ
3677 3644 3953 3708 παναγίου

2366 3738 2539 3790 τύπου
2584 3738 2679 3788 καὶ
2728 3737 2956 3805 σημείου
2987 3735 3084 3788 τοῦ
3118 3733 3389 3798 ζωοποιοῦ
3442 3733 3953 3803 σταυροῦ-βλασφη-

2374 3830 2556 3900 μοῦσι.
2586 3830 2696 3882 Καὶ
2752 3828 2930 3890 οὓτως
2981 3829 3147 3880 αὐτὸν
3195 3828 3283 3880 διά
3345 3828 3452 3880 τῶν
3491 3828 3954 3896 ἐπιτηδευμάτων

2370 3914 2926 3986 αύτῶν,δι’ὦναύτὸν
2977 3920 3231 3988 ἀγιάξειν
3269 3918 3606 3989 νομίζουσιν,
3648 3918 3954 3986 ἀτιμάζου-

2372 4033 2423 4067 σι
2485 4016 2708 4085 μᾶλ).ον,
2741 4016 2836 4068 καὶ
2867 4014 3120 4083 ἀνωφελῆ
3166 4014 3260 4066 καὶ
3294 4013 3585 4081 ἀνίσχυρον
3621 4011 3789 4064 αὑτὸν
3819 4015 3954 4064 ἀπο-

2371 4109 2702 4163 δεικνύουσι.

2898 4219 3306 4277 ΚΕΦΑΛΑΙΟΝ
3337 4223 3436 4276 ΙΔ¹.

2371 4335 2511 4404 Περί
2575 4334 2686 4403 τῆς
2757 4333 3088 4402 συζεύξεως
3142 4332 3261 4418 τῶν
3318 4332 3599 4399 σταυρῶν
3655 4334 3775 4387 τῶν
3814 4337 3950 4402 Ἀρ-

3050 4423 3295 4475 μενέων.

753 4515 799 4570 1.
837 4514 1050 4568 Rursus
1100 4515 1192 4583 qui
1246 4515 1393 4583 ligna
1433 4515 1578 4569 velut
1627 4514 1768 4569 idola
1815 4516 2102 4582 deiﬁcent,
2155 4532 2262 4572 non

2439 4518 2520 4576 A'.
2549 4520 2719 4575 Πάλιν
2750 4521 2826 4584 ὡς
2866 4521 3061 4575 εἴδωλα
3116 4522 3185 4575 τὰ
3235 4521 3369 4588 ξύλα
3412 4521 3817 4584 θεοποιοῦντες,
3853 4525 3952 4574 οὐκ

681 4606 1059 4662 erubescunt?
1097 4605 1230 4661 Tres
1268 4607 1412 4660 enim
1455 4620 1646 4660 cruces
1678 4607 1882 4675 ligneas
1930 4609 2264 4678 conjungen~

681 4712 795 4768 tes,
832 4713 1078 4756 sanctam
1114 4700 1439 4754 Trinitatem
1469 4701 1617 4770 impii
1644 4701 1936 4770 appellant.
1970 4702 2105 4769 Quei
2137 4719 2263 4759 vero

679 4795 898 4850 scelesti
950 4797 1092 4847 trine
1145 4794 1498 4848 subsistentis
1569 4796 1793 4850 Deitatis
1856 4812 2051 4851 nomen
2103 4801 2263 4854 rebus

679 4887 871 4957 ligneis
908 4886 1167 4954 ailingere
1197 4886 1442 4939 audent?
1475 4884 1610 4951 Quei
1649 4902 1815 4957 porro
1843 4899 2048 4943 sancta:
2076 4888 2263 4944 Triui-

681 4980 811 5033 tatis
840 4979 1130 5033 invisibilis
1162 4978 1327 5043 illius,
1385 4979 1712 5032 immortalis
1736 5019 1751 5043 ,
1791 4979 2216 5050 ineorruptibilis
2241 5021 2258 5048 ,

679 5072 1173 5142 incomprelieusae,
1213 5072 1619 5141 incogitabilis,
1665 5074 2100 5143 inaspectahilis,
2171 5076 2260 5131 ina

679 5165 935 5228 dividua,
971 5166 1183 5232 ligneas
1223 5166 1488 5233 imagines
1520 5165 1781 5220 facientes
1813 5181 1878 5221 ae
1921 5167 2260 5234 deiﬁcantes,

680 5269 1038 5326 sanctamque
1071 5256 1396 5310 Trinitatem
1429 5272 1491 5311 ac
1538 5256 1706 5311 Deum
1744 5260 2110 5324 nominantes,
2154 5273 2263 5314 non

683 5368 779 5421 per
807 5355 907 5407 hoc
939 5354 1085 5421 digni
1118 5354 1293 5422 palam
1321 5352 1596 5407 exsistunt
1617 5352 1707 5421 qui
1732 5352 2004 5423 lapidibus
2025 5354 2264 5408 obruan-

683 5449 809 5500 tur?
844 5447 950 5502 Sed
985 5460 1041 5502 et
1073 5458 1316 5501 sanctam
1348 5447 1672 5501 Trinitatem
1699 5447 1846 5502 cruci
1875 5446 2089 5500 aﬂixam
2117 5462 2262 5513 esse,

681 5540 851 5609 impie
890 5539 1108 5594 docent.
1149 5541 1302 5607 Quod
1335 5541 1378 5594 si
1411 5556 1516 5596 non
1557 5539 1797 5596 ferentes
1832 5539 1976 5594 illata
2007 5541 2260 5605 crimina,

751 5699 796 5731 "
834 5699 999 5753 Hebr.
1041 5715 1136 5766 \‘ll,
1177 5701 1229 5754 7.

755 5841 867 5906 (il)
900 5841 1059 5894 Forte
1090 5823 1300 5903 αύτνιίς.

2372 4614 2761 4686 αίσχύνονταις
2793 4615 2955 4684 Τρεῖς
3007 4615 3119 4685 γὰρ
3156 4615 3427 4685 σταυροὺς
3471 4615 3720 4681 ξυλίνους
3753 4614 3951 4678 συζεύ-

2373 4707 2588 4771 ξαντες,
2620 4708 2721 4778 τὴν
2751 4709 2918 4775 ἁγίαν
2972 4708 3178 4778 Τριάδα
3233 4706 3640 4760 άποκαλοῦνται
3677 4709 3727 4759 οῖ
3757 4707 3909 4760 ἀθεοι
3937 4721 3952 4734 ⁸

2373 4800 2487 4864 πῶς
2513 4800 2570 4853 δὲ
2602 4801 2664 4852 τὸ
2696 4799 2870 4869 ὄνομα
2912 4800 3011 4868 τῆς
3047 4802 3484 4868 τρισυποστάτου
3523 4799 3794 4869 Θεότητος
3835 4799 3953 4858 τοῖς

2372 4891 2604 4956 ξυλίνοις
2649 4891 2993 4961 προσάπτειν
3059 4889 3335 4958 τολμῶσιν
3368 4892 3418 4942 oi
3466 4891 3702 4958 ἀνομοι;
3746 4888 3868 4948 Πῶς
3897 4886 3952 4938 δὲ

2368 4987 2468 5055 τῆς
2508 4985 2670 5053 ἁγίας
2697 4983 2952 5055 Τριάδος,
2981 4984 3080 5053 τῆς
3104 4984 3370 5053 ἀοράτου,
3405 4983 3499 5034 καὶ
3525 4981 3824 5044 ἀθανάτου,
3858 4981 3952 5032 καὶ

2367 5080 2674 5150 ἀφθάρτου,
2710 5079 2805 5132 καὶ
2843 5077 3256 5146 ἀκαταλήπτου,
3279 5078 3373 5129 καὶ
3399 5076 3652 5139 ἀθεάτου,
3682 5076 3779 5128 καὶ
3810 5076 3949 5143 ἀχω-

2372 5173 2579 5243 ρίστου,
2616 5173 2834 5235 εἰκόνας
2894 5171 3114 5235 ξυλίνας
3177 5169 3479 5231 ποιοῦντες,
3510 5167 3604 5220 καὶ
3640 5166 3939 5220 θεοποιοῦν-

2367 5283 2482 5329 τες,
2519 5269 2614 5318 καὶ
2647 5265 2810 5334 ἀγίαν
2845 5264 3056 5334 Τριάδα
3134 5262 3234 5316 καὶ
3282 5262 3416 5315 Θεὸν
3470 5260 3857 5328 ὀνομάζοντες,
3888 5260 3950 5310 ού

2368 5357 2761 5410 λιθοόολεῖσθαι
2813 5354 3176 5425 γνωρίζονται
3233 5353 3320 5406 διὰ
3372 5353 3602 5416 τούτους
3661 5350 3823 5404 Ἀλλὰ
3856 5351 3951 5402 καὶ

2366 5450 2467 5520 τὴν
2497 5449 2661 5518 ἁγίαν
2716 5448 2928 5518 Τριάδα
2984 5445 3371 5518 σταυρωθῆναι
3434 5443 3575 5517 [καὶ]
3622 5443 3837 5505 ἀσεϐῶς
3863 5442 3948 5494 δο-

2367 5541 2748 5612 γματίζουσιν.
2784 5542 2846 5593 El
2883 5540 2939 5594 δὲ
2971 5542 3096 5604 τοὺς
3129 5539 3388 5610 ἐλέγχους
3437 5539 3514 5609 μὴ
3548 5539 3836 5608 φέροντες,
3866 5538 3947 5598 εἰς
