4194 6444
193 422 331 488 1189

1254 417 1540 480 ORATIO
1577 416 1605 477 ῐ
1638 414 1933 479 CONTRA
1978 413 2378 475 ARMENIOS

3302 416 3440 487 1190

186 539 422 606 ἄρνησιν
500 537 791 608 τρέπονται
877 536 987 587 ττιν
1059 534 1321 586 τοιοίτων
1378 534 1768 601 τολμημάτων,

1876 527 1943 581 ad
1980 527 2224 596 neganda
2251 525 2517 594 ejusmodi
2551 524 2795 579 lucinora
2830 534 3134 590 venamur,
3166 531 3448 585 OSlcndzml

183 628 527 690 δειξάτωσαν
562 629 693 695 ἡμῖν
737 625 836 695 τὴν
907 625 1088 677 αἰτίαν
1141 623 1251 675 τῶν
1300 623 1470 691 τριῶν
1518 620 1767 690 σταυρῶν

188 718 520 780 συζεύξεως,
549 719 644 767 καὶ
678 716 767 767 διὰ
800 718 953 767 ποῖον
978 716 1179 783 τρόπον
1208 713 1366 764 τοῦτο
1395 711 1639 771 ποιοῦσι,
1673 712 1767 761 καλ⁵

187 810 354 875 ἁγίαν
377 809 588 877 Τριάδα
625 809 1051 876 ἐπονομάζουσι.
1090 808 1199 859 Καὶ
1231 806 1386 858 αὐτοὶ
1428 805 1525 873 μὲν
1586 804 1769 855 εἰκόνα

188 901 474 963 ποιοῦντες
522 901 621 967 τῆς
647 901 803 967 ἁγίας
831 898 1058 968 Τριάδος
1082 899 1178 966 τῆς
1208 898 1467 966 ἀοράτου,
1493 894 1584 947 καὶ
1604 895 1766 947 ἀί)εὰ-

188 1009 303 1053 του,
370 992 465 1042 καὶ
541 991 874 1061 ἀχωρίστου,
927 990 1018 1042 καὶ
1092 988 1625 1059 ἀκατάληπτον,καὶ
1652 986 1771 1039 05'.-

187 1084 501 1146 ποιοῦντες,
570 1086 665 1136 καὶ
725 1084 889 1149 ἁγίαν
944 1083 1151 1152 Τριάδα
1218 1079 1644 1141 ἀποκαλοῦντες,
1707 1079 1768 1130 οὐ

188 1176 508 1244 φρίττουσιν
535 1192 548 1204 ·
589 1177 735 1245 ἡμᾶς
787 1175 842 1226 δὲ
894 1174 983 1225 διὰ
1036 1174 1133 1242 τὴν
1182 1171 1369 1223 εἰκόνα
1403 1170 1645 1239 Χριστοῦ
1675 1168 1768 1220 τοῦ

187 1266 326 1318 Θεοῦ
379 1266 471 1318 τοῦ
522 1265 902 1333 σαρκωϐἐντος
968 1263 1206 1331 ἀληθῶς,
1256 1264 1348 1315 καὶ
1410 1262 1767 1332 ὲνανθρωπή·

190 1376 385 1419 σαντος
417 1399 431 1420 ,
501 1360 595 1410 καὶ
649 1359 980 1427 ὁραθέντος,
1030 1358 1122 1407 καὶ
1184 1357 1282 1425 τῆς
1335 1355 1499 1407 αὐτοῦ
1565 1355 1771 1423 μητρὶς

188 1453 481 1511 Θεοτόκου,
526 1452 790 1522 λοιδορεῖν
850 1452 947 1502 καὶ
1004 1450 1350 1519 βλασφημεῖν
1419 1450 1519 1502 οὐκ
1575 1447 1769 1516 αἰσχύ-

190 1561 372 1596 νονται
396 1562 414 1608 ;

264 1636 335 1689 η’.
363 1638 459 1697 Τίς
501 1637 594 1688 οὖν
628 1636 769 1707 ὀρῶν
800 1640 892 1691 καὶ
918 1640 1135 1691 ἁκούων
1164 1634 1263 1699 τὰς
1301 1636 1559 1698 τοιαύτας
1590 1636 1769 1689 αὐτῶν

190 1727 466 1793 ἀμέτρους
498 1726 779 1791 ἀσεϐείας,
824 1729 917 1780 καὶ
948 1730 1233 1799 ἀρνήσεις,
1264 1729 1359 1779 καὶ
1394 1728 1769 1798 βλασφημίας,

189 1818 285 1868 καὶ
313 1816 589 1887 λοιδορίας
614 1861 628 1881 ,
664 1819 758 1871 καὶ
815 1823 1204 1888 συκοφαντίας,
1232 1820 1297 1883 ἃς
1342 1823 1481 1874 κατὰ
1506 1819 1766 1891 Χριστοῦ,

190 1908 287 1960 καλ⁵
312 1910 411 1977 τῆς
446 1910 613 1961 αὐτοῦ
644 1910 995 1980 σαρκώσεως,
1032 1912 1123 1964 καὶ
1158 1911 1251 1964 τοῦ
1289 1910 1643 1979 Εὐαγγελίου,
1678 1912 1770 1964 καὶ

189 2000 413 2054 πάντων
445 2000 611 2052 αὑτοῦ
644 2000 752 2054 τῶν
782 2004 953 2068 ἁγίων
990 2003 1300 2058 ἐπλάσαντο
1332 2004 1427 2057 καὶ
1471 2003 1770 2055 κατεσκεύ-

189 2110 350 2159 ασαν,
387 2093 447 2146 οὐ
490 2098 644 2163 μισεῖ
693 2098 939 2160 τούτους,
970 2096 1042 2157 ὠς
1078 2096 1380 2165 θεομάχους
1426 2098 1519 2148 καὶ
1554 2113 1771 2165 χριστο-

194 2187 427 2256 μάχους,
464 2188 556 2239 καὶ
587 2188 995 2256 ἀποστρέφεται
1033 2186 1091 2253 ἐξ
1118 2187 1317 2249 αὐτῶν,
1356 2189 1447 2240 καὶ
1490 2188 1770 2257 βδελύττε-

191 2292 283 2328 ται
315 2278 391 2339 ὡς
426 2278 624 2339 λύκους
659 2276 799 2349 [καὶ]
831 2279 1138 2348 ἀρπὰγους,
1167 2280 1263 2333 καὶ
1312 2280 1601 2343 Ἰουδαίους
1627 2297 1641 2311 ·
1674 2283 1770 2335 καὶ

191 2367 264 2431 ὡς
297 2368 407 2420 ἀπὸ
436 2369 613 2436 ὕφεων
648 2370 741 2421 καὶ⁵
770 2371 1051 2439 σκορπίων
1101 2373 1199 2424 καὶ
1246 2373 1608 2442 ἁντιχρίστων
1631 2374 1769 2427 ἀπο-

192 2460 487 2529 φεύξεται·
520 2461 615 2513 καὶ
653 2463 711 2513 τὸ
749 2461 1035 2530 βάπτισμα
1086 2462 1268 2515 αὐτῶν
1322 2464 1420 2533 οὐχ
1477 2464 1769 2533 ἁγιασμδν,

192 2551 328 2604 ἀλλὰ
363 2553 638 2620 μολυσμὸν
671 2553 1053 2619 ἁποκαλέσειε,
1118 2556 1211 2608 καὶ
1263 2550 1458 2625 ῥύπον,
1507 2558 1602 2610 καὶ
1636 2558 1772 2611 ἁκα-

191 2644 426 2714 θαρσίαν
457 2662 471 2709 ;
501 2645 624 2707 Πῶς
654 2645 762 2715 γὰρ
798 2646 981 2709 αὐτοῖς
1010 2649 1284 2718 ἁγιασμὸς
1319 2650 1635 2719 εύρίκεται;
1682 2654 1771 2706 Ἐν

190 2738 302 2806 γὰρ
328 2738 513 2799 αὐτοῖς
547 2740 795 2791 κατοικεί
840 2740 869 2791 δ
914 2738 1191 2803 διάϐολος,
1236 2742 1332 2793 καὶ
1378 2744 1477 2795 σὺν
1511 2744 1664 2814 αύτῷ
1722 2748 1770 2799 oi

191 2828 448 2897 δαίμονες
504 2828 691 2894 αὑτοῦ,
727 2829 824 2882 καὶ
881 2833 1031 2883 πᾶσα
1075 2831 1288 2901 αἵρεσίς
1319 2849 1378 2885 τε
1408 2835 1503 2887 καὶ
1528 2836 1772 2907 βλασφη-

198 2919 321 2987 μία,
350 2920 440 2971 καὶ
482 2921 633 2973 πᾶσα
655 2922 984 2986 ἀποστασία,
1015 2924 1157 2975 κατὰ
1188 2927 1286 2994 τῆς
1320 2924 1615 2997 καθολικῆς
1643 2926 1770 2981 Ἐκ-

192 3012 423 3081 κλησίας
474 3014 571 3065 καὶ
618 3014 839 3067 πάντων
875 3016 985 3068 τῶν
1032 3016 1225 3083 ἁγίων.
1262 3018 1331 3069 Ἦ
1380 3018 1498 3081 πῶς
1554 3022 1614 3070 τὸ
1672 3020 1772 3089 βά-

194 3120 409 3175 πτισμα
448 3107 628 3158 αὐτῶν
655 3108 1073 3178 εύπρδσδεκτον,
1101 3111 1195 3163 καὶ
1242 3110 1304 3163 οὐ
1346 3111 1546 3179 μᾶλλον
1582 3113 1771 3183 βδελυ·

194 3200 326 3250 κτὸν
360 3198 453 3250 καὶ
485 3201 860 3266 ἀπρόσδεκτον
877 3201 951 3262 ὠς
981 3201 1332 3271 ἀκάθαρτον;
1369 3204 1437 3256 Ἢ
1475 3205 1588 3267 πῶς
1624 3200 1770 3259 οῦτοι

195 3290 456 3342 δύνανται
514 3290 711 3353 ἄλλους
761 3292 1054 3358 artium;
1115 3294 1279 3346 Αὐτοὶ
1358 3295 1627 3366 ἀλλότριοι
1670 3298 1769 3366 τῆς

193 3384 417 3451 χάριτος
465 3382 557 3433 τοῦ
595 3382 752 3449 ἁγίου
815 3383 1135 3454 ΙΙνεύματος
1195 3386 1523 3455 ὑπάρχουσι,
1555 3389 1645 3440 διὰ
1671 3389 1769 3461 τὴν

194 3478 380 3529 αὐτῶν
406 3477 545 3545 πρὸς
568 3476 666 3546 τὴν
696 3478 993 3546 καθολικὴν
1020 3479 1115 3531 καὶ
1146 3480 1515 3551 ἁποστολικὴν
1550 3482 1771 3554 Ἐκκλη-

194 3570 319 3620 σίαν
352 3570 720 3629 ἀποστασίαν,
752 3567 811 3631 ἐξ
839 3564 904 3639 ἧς
934 3570 1009 3633 ὠς
1034 3571 1203 3642 σκεύη
1249 3574 1517 3642 κατάρας,
1553 3576 1769 3646 μυρίοις

193 3658 531 3732 ἁναθέμασιν
571 3664 984 3732 ὑπεϐλήθησαν,
1035 3665 1121 3717 διὰ
1155 3664 1246 3719 τὸν
1308 3668 1403 3736 τῆς
1441 3668 1767 3739 οἰκουμένης

193 3757 378 3824 πάσης
436 3754 726 3827 ἀρχιερέα,
756 3757 852 3808 καὶ
887 3755 963 3819 ὡς
1013 3756 1229 3819 ἀσεϐεῖς
1281 3759 1542 3829 ἐδέθησαν
1578 3762 1636 3813 ὲν
1677 3764 1768 3815 ού-

196 3848 365 3917 ρανῷ,
396 3852 487 3899 καὶ
515 3850 607 3899 ἐπὶ
630 3847 755 3916 γῆς,
779 3848 963 3911 καθὼς
986 3846 1140 3902 εἶπεν
1158 3852 1185 3902 ὁ
1220 3850 1421 3920 Κύριος
1443 3870 1457 3885 ·
1477 3852 1581 3917 ὅτι,
1608 3854 1767 3909 Ὅσα

192 3941 271 3994 ἂν
294 3941 524 4007 δήσητε
570 3942 669 3995 ἐπὶ
723 3941 834 4011 τῆς
868 3941 1001 4011 τῆς,
1041 3944 1214 3997 ἔσται
1246 3944 1534 4013 δεδεμένα
1555 3946 1623 3999 ἐν
1642 3948 1765 4013 τοῖς

192 4031 492 4101 οἰῬανοῖς.

262 4126 336 4179 Γ.
378 4125 589 4179 Οὐκοῦν
654 4124 986 4189 δειξάτωσαν
1010 4125 1130 4179 τίνα
1180 4128 1245 4180 ἐκ
1302 4126 1411 4179 τῶν
1462 4129 1764 4201 ἀρχιερέων

188 4219 304 4272 τῶν
344 4216 724 4271 ἁποστολικῶν
777 4216 1003 4287 Θρόνων,
1047 4220 1398 4280 κοινωνικοίις
1435 4220 1639 4288 ἔχουσι,
1672 4221 1764 4273 καὶ

190 4311 250 4362 ού
318 4308 518 4377 μᾶλλον
576 4308 782 4370 πάντες
836 4307 1143 4377 συμφώνως
1209 4310 1407 4369 αὐτοὺς
1469 4310 1763 4373 συνοδικῶς

190 4400 718 4469 ἀναθεματίσαντες,
748 4399 842 4452 τοῦ
868 4400 1115 4469 Χριστοῦ,
1139 4400 1549 4468 ὴλλωτρίωσαν,
1570 4404 1665 4455 καὶ
1688 4402 1762 4472 τῷ

188 4493 426 4563 διαϐόλῳ
458 4493 822 4561 παρέδωκαν;
859 4492 955 4554 Τίς
984 4490 1077 4544 οὖν
1131 4491 1238 4544 τῶν
1270 4480 1525 4544 ’συνετῶν
1561 4493 1651 4545 καὶ
1676 4510 1762 4561 φο-

189 4586 477 4655 ϐουμένων
511 4585 602 4635 τὸν
654 4583 806 4646 Θεὸν,
849 4583 947 4644 τὰς
973 4582 1173 4652 μιαράς
1211 4582 1624 4667 κσὶ’βδελυκτάς
1660 4586 1755 4635 αὑ-
1784 4565 1836 4637 Π

187 4679 302 4729 τῶν
330 4676 607 4738 συνόδους,
634 4674 734 4735 τὰς
760 4676 1058 4742 γενομένας
1078 4676 1136 4724 ὲν
1159 4675 1279 4734 ταῖς
1319 4674 1638 4736 σατανικαίς
1670 4674 1763 4726 καὶ

186 4768 517 4827 διαϐολικαί,;
550 4766 643 4818 καὶ
662 4766 1001 4833 δαιμονικατς
1029 4764 1211 4817 αὐτῶν
1250 4762 1474 4833 χώραις,
1508 4763 1566 4816 ἐν
1604 4780 1660 4816 τε
1694 4767 1758 4833 τῇ

188 4860 462 4929 λεγομένῃ
515 4857 704 4925 Τιϐὴν,
754 4856 847 4908 καὶ
897 4857 1308 4931 Μαντζικιὲρς,
1350 4855 1613 4933 Ἰουδαίκὰ
1668 4856 1761 4909 καὶ

189 4950 454 5015 Καφαῐκά
491 4946 601 5017 (42)
661 4948 933 5016 συνέδρια,
988 4948 1088 4999 οὐκ
1148 4946 1539 5015 ἀναθεματίσει
1588 4947 1757 5015 ψυχῇ,

190 5040 409 5109 καρδίᾳ,
473 5040 567 5092 καὶ
637 5039 910 5108 στόματι·
939 5041 997 5091 ὲν
1040 5032 1125 5099 αἷς
1174 5040 1355 5090 πᾶσαν
1416 5039 1626 5105 αἵρεσιν
1666 5039 1758 5089 καὶ

191 5133 562 5200 βλασφημίαν,
623 5134 720 5183 καὶ
781 5133 963 5184 πᾶσαν
1020 5130 1345 5193 κακοδοξίαν
1398 5128 1754 5199 κηρύξαντες,

191 5226 419 5286 καὶτοῖς
459 5224 759 5293 ὁμόφροσιν
804 5224 983 5276 αὐτῶν
1030 5221 1479 5292 παραδώσαντες,
1529 5224 1622 5273 καὶ
1651 5222 1759 5274 πᾶ-

192 5334 289 5369 σαν
321 5318 662 5369 ἀποστασίαν
694 5317 835 5369 κατὰ
857 5319 955 5386 τῆς
981 5315 1275 5383 καθολικῆς
1311 5314 1637 5384 Ἐκκλησίας
1659 5315 1759 5367 αὐ-

186 5415 312 5471 τοὺς
365 5410 695 5476 διδάξαντες,
752 5411 849 5462 καλ⁸
896 5408 1295 5484 ἀρνητπντῆς
1348 5408 1631 5478 ὀρθοδὸξου
1670 5408 1761 5459 πίο

192 5518 383 5566 στεως,
416 5503 511 5555 καὶ
550 5502 863 5573 ἀλλοτρίους
893 5502 988 5555 τοῦ
1034 5501 1271 5573 Χριστοῦ
1296 5503 1758 5570 καταστήσαντες,

193 5592 436 5661 κατάρας
464 5594 629 5648 τέκνα
662 5596 757 5648 καὶ
787 5594 1059 5658 ἀπωλείας
1088 5596 1259 5657 υἱοὺς,
1293 5596 1384 5647 καὶ
1438 5592 1530 5647 τοῦ
1570 5595 1762 5649 ἀναθέ-

262 5714 309 5745 ¹⁶
348 5713 538 5769 Matth.
570 5732 679 5779 nt,
723 5717 845 5787 l9._

256 5831 368 5897 (iii
403 5830 561 5885 Forte
588 5833 926 5899 Kaia;1?xi.

1877 634 2097 672 Causam
2127 633 2224 670 cur
2260 621 2330 672 ita
2383 630 2492 673 tres
2543 633 2735 672 cruces
2778 618 3029 687 jungam,
3086 634 3148 672 ac
3179 622 3449 688 quomodo

1876 713 1975 765 ista
2012 710 2237 776 faciant,
2274 727 2335 763 ac
2385 718 2630 765 sanctam
2681 711 3000 764 Trinitatem
3046 714 3338 782 appellent.
3372 716 3448 770 Ac

1878 803 1978 870 ipsi
2013 804 2255 870 quidem,
2285 805 2371 871 qui
2403 814 2601 856 sanetae
2625 802 2935 866 Trinitatis,
2968 802 3255 860 invisibilis
3280 807 3444 870 illius,

1875 892 2307 961 inaspectabilis,
2360 893 2674 962 iudinduw,
2734 892 3222 961 incomprehensm,
3257 897 3447 962 imagi-

1876 1001 1994 1037 nem
2039 983 2263 1046 faciant,
2297 998 2360 1036 ac
2400 984 2676 1049 dciticent,
2726 1000 2790 1039 ac
2840 997 3086 1039 sanctam
3125 985 3445 1041 Trinitatem

1874 1075 2074 1135 dicant,
2103 1088 2207 1127 non
2242 1076 2466 1127 horrent
2499 1092 2511 1126 :
2541 1090 2639 1127 nec
2665 1090 2761 1127 eos
2790 1078 2976 1143 pudet,
3007 1089 3059 1128 ut
3092 1094 3208 1141 nos,
3236 1092 3449 1146 pruptcr

1874 1166 2074 1219 Christi
2098 1165 2214 1229 Dei,
2240 1167 2328 1233 qui
2354 1182 2483 1219 vere
2509 1176 2590 1219 est
2617 1167 2949 1232 incarnatus,
2979 1184 3039 1222 ac
3061 1170 3236 1223 factus
3262 1172 3445 1231 homo,

1874 1272 1936 1312 ac
1970 1259 2151 1320 visus,
2203 1260 2423 1327 ejusque
2457 1260 2701 1325 Deipuru:
2732 1259 2940 1324 Matris,
2977 1264 3287 1333 imaginem,
3321 1280 3447 1334 pro-

1873 1351 1987 1404 bris
2017 1350 2253 1403 alliciant
2287 1360 2448 1419 atque
2479 1352 2890 1419 bIaSphemeut?

2521 1614 2527 1622 .
3146 1600 3155 1621 Ι

1943 1634 2009 1689 tl.
2041 1636 2172 1701 Quis
2205 1654 2333 1708 ergo
2366 1638 2578 1706 videns,
2608 1639 2941 1708 audiensque
2964 1641 3225 1709 ejusmodi
3251 1660 3436 1701 eorum

1873 1722 2189 1779 innumeras
2224 1728 2550 1794 irnpietates,
2588 1743 2649 1781 ac
2684 1730 3019 1797 negationes.
3052 1740 3105 1781 et
3136 1733 3443 1796 maledicta,

1873 1823 1927 1868 et
1959 1818 2228 1880 convicia,
2267 1832 2330 1870 ac
2366 1819 2692 1882 calumnias,
2725 1834 2845 1889 quin
2884 1819 2958 1872 illi
2995 1819 3258 1873 adversus
3288 1820 3445 1873 Chric

1804 1897 1845 1953 Β
1874 1918 2041 1974 stum,
2093 1910 2321 1979 ejusque
2348 1925 2537 1963 omnes
2598 1920 2813 1963 sanctus
2861 1912 3241 1965 conﬁnxerunt
3287 1922 3446 1978 atque

1874 2010 2215 2067 struxerunt,
2252 2019 2363 2083 non.
2390 2018 2486 2058 eos
2513 2004 2688 2057 oderit
2728 2012 2977 2073 tanquam
3019 2005 3108 2058 Dei
3144 2021 3204 2058 ac
3241 2004 3443 2060 Christi

1875 2096 2086 2159 hostes,
2110 2103 2274 2163 atque
2303 2096 2369 2149 ab
2395 2098 2475 2149 eis
2509 2096 2788 2159 rasilierit,
2826 2107 2989 2165 utque
3030 2095 3182 2163 lupos
3225 2112 3443 2163 rapaces

1872 2201 2034 2257 atque
2067 2187 2281 2242 Judwos
2317 2190 2732 2267 exsecrabitur‘?
2778 2204 2839 2242 ac
2896 2204 2988 2242 seu
3024 2203 3051 2241 a
3102 2188 3359 2255 colubris,
3393 2202 3447 2243 et

1871 2281 2273 2349 scorpionibus,
2308 2292 2358 2334 et
2393 2282 2755 2345 autichristis,
2797 2282 2863 2334 ab
2896 2295 3083 2335 eorum
3115 2280 3252 2335 facie
3289 2278 3443 2348 fuge-

1876 2375 1947 2426 rit
1983 2388 2326 2442 :eorunique
2388 2375 2652 2442 baptisma
2676 2413 2689 2437 ,
2749 2390 2855 2427 non
2913 2374 3396 2428 sanctiﬁcationcm
3426 2413 3441 2437 ,

1872 2464 1965 2515 sed
2027 2463 2399 2532 pollutionem,
2452 2462 2746 2532 sordesque
2794 2477 2855 2516 ac
2902 2464 3294 2517 iiumunditiam
3347 2479 3443 2532 ap-

1873 2555 2196 2626 pellaverit?
2235 2558 2367 2623 Quei
2418 2559 2563 2611 enim
2600 2558 2650 2609 in
2682 2556 2762 2611 eis
2797 2559 3057 2611 sanctitas
3092 2555 3443 2609 inveniatur?

1873 2646 2082 2715 Quippe
2114 2646 2323 2701 habitat
2376 2648 2427 2700 in
2478 2648 2558 2700 eis
2607 2646 2874 2712 diabolus,
2933 2660 2993 2699 ac
3042 2660 3163 2698 cum
3216 2660 3281 2699 eo
3325 2646 3441 2714 ejus

1872 2740 2166 2801 daemones,
2196 2739 2479 2804 omniaque
2506 2739 2728 2792 haeresis
2761 2752 2824 2791 ac
2857 2736 3211 2805 blasphemia,
3235 2739 3443 2790 omnis-

1876 2843 1979 2897 que
2031 2831 2293 2883 adversus
2338 2828 2633 2883 Ecclesium
2694 2828 3019 2882 catholicam
3048 2867 3063 2893 ,
3110 2841 3173 2880 ac
3226 2834 3443 2881 sant-tos

1872 2935 2065 2975 omnes
2109 2919 2362 2977 defectio.
2402 2921 2506 2974 Aut
2561 2920 2831 2986 quomodo
2875 2934 3064 2972 eorum
3109 2918 3442 2987 acceptabile

1873 3013 2164 3080 baptisma,
2224 3027 2284 3065 ac
2336 3027 2441 3064 non
2493 3011 2669 3078 potius
2708 3011 3122 3075 exsecrandum,
3174 3024 3237 3063 ac
3286 3024 3443 3078 repu-

1874 3103 2153 3165 diandum,
2189 3110 2351 3171 atque
2383 3102 2763 3156 immundum?
2816 3101 2949 3167 Quei
3000 3116 3127 3156 vero
3173 3100 3274 3169 ipsi
3307 3101 3443 3155 alios

1876 3192 2220 3247 sanctiticare
2268 3190 2500 3259 possint,
2535 3192 2623 3259 qui
2657 3192 2763 3243 sint
2805 3189 2965 3243 alieni
2998 3205 3025 3242 a
3061 3192 3232 3260 gratia
3271 3188 3441 3241 samti

1876 3284 2143 3351 Spiritus,
2176 3281 2245 3336 ob
2276 3296 2429 3337 suam
2463 3284 2528 3334 ab
2565 3281 2801 3335 Ecclesia
2838 3282 3099 3334 catholica
3134 3291 3186 3333 et
3228 3290 3442 3348 aposto-

1872 3375 1976 3428 lira
2020 3375 2405 3438 defectionem,
2439 3375 2593 3439 cujus
2625 3374 2845 3428 decreto
2885 3384 3138 3441 tauquam
3172 3388 3296 3427 vasa
3327 3390 3440 3425 Inn-

1872 3465 2204 3527 ledictiouis,
2232 3466 2718 3533 innumerabilibus
2741 3465 2876 3519 diris
2903 3480 2995 3534 per
3021 3465 3169 3518 orbis
3198 3464 3437 3517 universi

1868 3558 2161 3625 episcopos
2188 3555 2368 3609 devoti
2407 3566 2567 3620 sunt;
2591 3566 2755 3625 atque
2786 3564 2838 3609 ut
2870 3554 3016 3624 impii
3044 3553 3188 3623 ligati
3226 3554 3440 3607 fuerunt

1870 3647 1923 3701 in
1964 3649 2101 3701 cwlo
2126 3663 2187 3699 ac
2221 3662 2383 3715 super
2414 3656 2638 3713 terram,
2668 3649 2821 3717 juxta
2857 3648 2997 3716 quod
3031 3648 3107 3700 ait
3139 3645 3438 3700 Doiuinus:

1872 3739 2212 3807 Quacuuque
2269 3739 2563 3809 ligaveritis
2604 3755 2761 3807 super
2812 3750 3041 3806 terram,
3090 3749 3240 3793 erunt
3272 3738 3438 3808 ligata

1869 3841 1915 3884 et
1948 3832 1999 3883 in
2032 3829 2173 3884 cretis
2200 3830 2289 3882 “?

1938 4132 2026 4186 III.
2063 4132 2365 4186 Ostendant
2395 4145 2545 4201 ergo,
2589 4146 2748 4199 quem
2778 4128 2985 4182 sediuin
3017 4126 3429 4197 apostolicarum

1865 4224 2146 4294 pra‘sulem
2185 4238 2373 4276 eorum
2405 4220 2802 4276 communionis
2830 4220 3081 4282 habeant,
3128 4229 3291 4287 utque
3320 4234 3424 4271 non

1864 4317 2065 4387 potius,
2103 4330 2212 4370 uno
2240 4331 2429 4370 omnes
2460 4329 2728 4369 consensu
2764 4311 3020 4383 synodice
3061 4311 3390 4365 devoventes
3411 4349 3429 4377 ,

1865 4409 2070 4462 alienos
2105 4422 2133 4461 a
2162 4407 2386 4460 Christo
2423 4404 2929 4474 pronuntiaverint,
2984 4417 3047 4458 ac
3074 4403 3289 4456 diabolo
3319 4412 3432 4454 tra-

1867 4499 2147 4554 diderint?
2180 4499 2311 4565 Quis
2360 4513 2488 4567 ergo
2538 4496 2844 4565 intelligens
2882 4509 2947 4548 ac
2998 4494 3193 4547 timens
3240 4492 3427 4555 Deum,

1866 4590 2121 4660 profanas
2163 4604 2225 4644 ac
2275 4590 2637 4642 exsecrandas
2666 4600 2853 4639 eorum
2904 4585 3160 4652 synodos,
3208 4594 3341 4650 quas
3377 4583 3427 4633 iu

1865 4680 2124 4735 satauicis
2161 4694 2221 4731 ac
2267 4677 2570 4738 diabolicis,
2624 4674 3082 4741 damoniacisque
3132 4686 3318 4724 eorum
3355 4669 3432 4722 lo-

1864 4773 1965 4835 cis,
1991 4786 2115 4824 cum
2143 4751 2411 4838 appellato
2442 4765 2635 4827 Tiben.
2683 4776 2793 4818 turn
2826 4762 3165 4816 Mantziciert
3205 4759 3426 4813 Judaica

1865 4878 1925 4915 ac
1975 4860 2192 4928 Caipha:
2246 4856 2604 4910 conciliabula
2656 4854 3017 4915 celebrarunt,
3075 4866 3178 4905 non
3224 4852 3426 4913 animo,

1863 4952 2025 5006 corde
2082 4965 2145 5003 ac
2184 4963 2279 5003 ore
2316 4946 2745 5001 anathematizet
2778 4963 2793 5001 :
2830 4946 2882 4998 in
2932 4943 3125 5011 quibus
3175 4941 3423 4994 hmresim

1865 5061 2099 5108 omnem,
2132 5058 2194 5096 ac
2228 5042 2640 5106 blasphemiam,
2677 5051 2996 5102 omnemque
3022 5050 3259 5089 errorem
3291 5047 3426 5100 pra:-

1866 5139 2133 5200 dicantes,
2172 5150 2235 5186 ac
2269 5132 2594 5202 sequacibus
2625 5131 2739 5184 suis
2774 5130 3074 5189 tradentes,
3106 5137 3424 5188 omnemque

1864 5242 1960 5284 eos
2009 5228 2271 5280 adversus
2324 5223 2616 5278 Ecclesium
2691 5219 3013 5273 catholicam
3068 5215 3421 5269 defectionem

1866 5321 2139 5381 docentes,
2183 5328 2345 5385 atque
2404 5315 2468 5366 ad
2526 5321 2725 5366 rectam
2769 5312 2923 5365 tidem
2983 5309 3279 5377 negandum
3322 5305 3426 5357 im.

1869 5410 2148 5481 pellentes,
2183 5424 2245 5463 ac
2275 5408 2479 5461 alienos
2508 5420 2537 5458 a
2569 5405 2785 5459 Christo
2814 5402 3223 5464 constituentes,
3254 5396 3423 5452 male-

1868 5502 2120 5557 dictionis
2166 5515 2229 5554 ac
2280 5496 2597 5567 perditionis
2636 5496 2793 5560 ﬁlius,
2843 5502 2897 5548 et
2929 5489 3283 5546 anathematis
3312 5488 3419 5541 ha:-

1868 5596 2027 5650 redes
2046 5593 2334 5647 elTecerunt
2354 5591 2376 5643 ?
2398 5589 2527 5654 Quis
2552 5604 2679 5657 ergo
2704 5589 2927 5643 audiens
2953 5586 3180 5655 primam
3204 5596 3415 5636 sacram
