4194 6444
723 365 852 433 1191

1782 366 2030 429 ISAACI
2073 367 2448 429 ARMENltE
2489 367 2900 430 CATHOLlCI

3838 372 3975 439 1192

719 493 1084 537 trecentorum
1150 481 1333 535 decem
1396 490 1450 536 et
1518 489 1640 535 octo
1700 492 2015 535 sanctorum
2073 483 2292 537 Patrum

2405 495 2577 547 ματος
2640 479 3014 550 κληρονόμους
3066 481 3290 545 τούτους
3348 481 3833 551 εἰργάσαντο;Τίς
3883 484 3977 537 οὖν

723 574 989 630 Νιοιειιεηι
1024 576 1312 645 synodum,
1354 584 1463 627 tres
1514 588 1776 641 personas
1808 588 1898 626 seu
1946 574 2289 643 hypostases,

721 682 989 731 unamque
1020 669 1387 719 substantiam
1428 667 1543 718 sive
1576 673 1824 718 naturam
1861 665 1911 717 in
1958 675 2145 719 sancta
2175 663 2291 716 Tri-

720 760 888 811 nitate
925 759 1336 825 praidicanlem,
1372 773 1476 809 non
1525 771 1619 809 eos
1649 767 1900 823 tanquam
1952 754 2291 808 adversarios

716 849 910 910 oderit,
947 866 1007 902 ac
1037 858 1293 915 negantes
1324 846 1595 900 Nic-tenam
1618 851 1904 915 synodum,
1927 847 2016 916 qui
2042 857 2288 897 naturam

633 995 635 997 ,
716 956 1004 1007 personam
1039 956 1158 994 esse
1186 940 1349 1009 impie
1383 955 1445 992 ac
1478 940 1644 995 stulte
1677 940 1901 994 dicant?

1310 1159 1541 1215 CAPUT
1580 1158 1695 1212 XII.

908 1252 981 1306 De
1010 1253 1112 1319 piis
1142 1252 1473 1321 dogmatibus
1503 1267 1617 1321 qua?
1649 1250 1886 1303 Armenii
1919 1261 2128 1319 negant.

785 1432 827 1485 1.
867 1432 998 1499 Quis
1025 1432 1256 1485 audiens
1297 1441 1519 1484 sanctos
1553 1445 1742 1485 omnes
1777 1445 1839 1483 ac
1882 1446 1910 1483 a
1945 1430 2050 1483 Deo
2085 1428 2292 1485 alllatos

714 1524 928 1586 Patres,
968 1525 1247 1590 ipsamque
1278 1522 1552 1575 Nic-mnam
1590 1523 1851 1589 synodum
1883 1524 2015 1575 duas
2052 1524 2103 1575 in
2131 1523 2291 1575 Chri-

710 1626 795 1667 sto
852 1625 1075 1667 naturas
1128 1616 1531 1681 praedicantes,
1586 1615 2044 1680 quemadmodum
2100 1625 2289 1669 sancta

710 1708 951 1775 synodus
1005 1706 1484 1768 Chalcedonensis,
1562 1706 1663 1758 hoc
1719 1716 1839 1773 est,
1894 1722 1981 1761 res
2045 1723 2287 1763 seorsum

2396 570 2610 624 ἀκούων
2634 570 2731 641 τὴν
2767 573 2825 623 ἐν
2858 574 3065 642 Νικαίᾳ
3095 580 3143 626 α’
3183 575 3285 643 τὴν
3316 575 3479 643 ἁγίαν
3511 574 3622 626 τῶν
3659 582 3766 646 τιη’
3800 576 3976 641 ἁγίων

2396 664 2660 735 Πατέριυν
2713 664 2960 730 σύνοδον,
3002 669 3125 736 τρία
3183 668 3450 735 πρόσωπα
3503 670 3596 722 καὶ
3621 670 3975 735 ὑποστάσεις,

2394 758 2487 808 καὶ
2514 759 2641 824 μίαν
2673 756 2862 808 οὐσίαν
2896 757 3015 827 ἢτοι
3075 759 3260 826 φύσιν,
3292 760 3384 811 ἐπὶ
3418 760 3515 825 τῆς
3549 763 3712 827 ἁγίας
3741 760 3977 829 Τριάδος

2394 848 2797 917 κηρύττουσαν,
2828 851 2888 902 οὐ
2928 854 3081 919 μισεῖ
3118 851 3341 912 τούτους
3370 852 3446 913 ὼς
3474 853 3703 923 ἐχθροὺς
3746 853 3839 905 καὶ
3875 856 3979 924 ἁρ-

2392 942 2558 1009 νητὰς
2584 942 2679 1010 τῆς
2709 943 2767 993 ἐν
2817 943 3025 1013 Νικαίᾳ
3066 945 3308 1007 συνόδου,
3343 944 3441 1013 τήν
3489 947 3653 1013 φύσιν
3682 966 3752 1016 τερ
3774 949 3978 998 ’σωπον

2392 1033 2603 1095 ἁσεῦῶς
2642 1033 2737 1085 καὶ
2769 1035 3011 1104 ἀνοήτως
3055 1034 3353 1101 λέγονταςδ

2910 1147 3306 1202 ΚΕΦΑΛΑΙΟΝ
3338 1148 3437 1206 lB'.

2392 1238 2533 1306 Περὶ
2582 1238 2702 1291 τῶν
2768 1240 3039 1293 εὐσεϐῶν
3084 1241 3394 1308 δογμάτων
3422 1235 3511 1294 ὧν
3565 1242 3890 1311 ἀρνοῦνται
3920 1245 3977 1296 οι

3032 1312 3333 1379 Ἀρμένιοι.

2462 1423 2542 1475 Α’.
2576 1421 2671 1484 Τίς
2703 1422 2918 1475 ἀκούων
2945 1423 3154 1486 πάντας
3181 1427 3307 1486 τοὺς
3329 1404 3515 1490 ἀγέους
3548 1428 3642 1479 καὶ
3677 1428 3977 1497 Θεοφέρους

2393 1515 2667 1584 Πατέρας,
2697 1516 2796 1568 καὶ
2825 1517 2997 1585 αὐτὴν
3030 1518 3130 1585 τὴν
3163 1521 3221 1569 ἐν
3253 1520 3458 1591 Νικαῖᾳ
3485 1522 3718 1584 σύνοδον,
3758 1522 3852 1573 δύο
3878 1522 3977 1589 φύ-

2395 1624 2509 1669 σεις
2554 1610 2611 1659 ὲν
2655 1608 2880 1678 Χριστῷ
2910 1610 3315 1678 κηρύττοντας,
3357 1612 3433 1673 ὡς
3462 1616 3555 1665 καὶ
3597 1617 3713 1683 ήὲν
3752 1616 3978 1678 Χαλκη-

2391 1699 2504 1750 δόνι
2544 1699 2674 1767 ἁγία
2704 1700 2945 1765 σύνοδος,
2976 1704 3259 1755 τούτέστιν
3292 1705 3399 1774 ἰδίᾳ
3427 1705 3601 1773 ἀληθῆ
3645 1707 3974 1775 πράγματα,

714 1813 876 1850 veras
905 1836 920 1858 ,
968 1796 1224 1849 deitatem
1263 1811 1325 1849 ac
1360 1796 1775 1859 lnnuanitatem,
1830 1798 1882 1849 in
1922 1812 2022 1849 una
2057 1813 2287 1866 persona

2395 1789 2624 1859 θεότητα
2684 1793 2779 1843 καὶ
2838 1791 3275 1863 ἁνθρωπότητα,
3310 1798 3366 1847 ὲν
3429 1797 3510 1849 ἐνὶ
3563 1797 3845 1865 προσώπῳ
3881 1800 3975 1849 καὶ

712 1906 774 1942 ac
832 1891 1141 1959 hypostasi,
1196 1905 1299 1943 non
1354 1892 1421 1943 ab
1472 1891 1590 1943 istis
1645 1890 1920 1951 resilierit,
1978 1892 2171 1958 dieque
2225 1908 2286 1946 ac

712 1987 869 2029 nocte
905 1992 997 2029 eos
1033 1977 1334 2038 devoverit,
1372 1978 1461 2044 qui
1498 1993 1657 2030 uuam
1689 1988 1939 2032 naturam
1971 1991 2137 2034 totam
2170 1982 2288 2035 dei-

712 2076 877 2121 tatem
923 2069 972 2120 in
1021 2068 1236 2121 Christo
1272 2068 1608 2137 praedicent,
1639 2084 1871 2139 emnque
1918 2072 2089 2125 media
2140 2082 2289 2141 parte

713 2159 952 2227 negent?

783 2251 850 2305 ll.
908 2251 1041 2317 Quis
1091 2254 1318 2306 audiens
1362 2252 1635 2305 Christum
1692 2254 1962 2308 dicentem
2028 2257 2287 2325 apostolis

710 2354 831 2410 post
868 2344 1325 2399 resurrectiOnem
1360 2363 1372 2398 :
1416 2344 1635 2413 Palpate
1676 2363 1776 2411 me,
1825 2365 1886 2401 ac
1921 2348 2110 2410 videte.
2160 2354 2287 2421 quia

712 2454 925 2489 carnem
957 2454 1018 2489 ac
1062 2453 1183 2489 ossa
1229 2436 1395 2490 habeo
1426 2439 1497 2501 “,
1550 2454 1651 2491 non
1700 2440 1902 2494 Christi
1948 2443 2288 2497 adversarios

717 2545 778 2580 ae
816 2530 1169 2581 antichristus
1224 2529 1355 2581 isms
1400 2530 1772 2598 appellaverit,
1812 2534 1901 2599 qui
1941 2534 2058 2601 ejus
2091 2544 2288 2601 negent

713 2633 956 2681 carnem,
994 2632 1055 2672 ac
1094 2618 1265 2671 instar
1298 2630 1461 2685 guttai
1497 2620 1670 2675 mellis
1722 2631 1816 2674 aut
1859 2624 2018 2686 aceti,
2071 2623 2287 2677 deitatis

713 2710 902 2779 pelago
935 2711 1235 2763 demersam
1262 2712 1466 2774 dicant,
1495 2720 1658 2780 atque
1689 2715 2034 2779 invisibilem,
2066 2730 2131 2769 ac
2169 2717 2288 2769 sine

712 2803 1011 2856 substantia
1041 2816 1161 2856 esse
1192 2802 1391 2857 factam
1423 2803 1695 2858 doceant?

787 2988 875 3042 Ill.
914 2989 1049 3055 Quis
1101 2990 1338 3053 iterum,
1387 2992 1559 3062 ipsum
1614 2996 1837 3051 audiens
1886 2996 2171 3052 Dominum
2224 3014 2287 3053 ac

714 3081 880 3133 Deum
909 3092 1152 3134 nostrum
1178 3084 1467 3147 dicentem,
1495 3084 1619 3152 quia
1686 3086 1811 3140 Veni
1854 3091 2087 3141 animum
2117 3106 2283 3143 meam

716 3175 845 3224 dure
882 3174 1291 3239 redemptionem
1323 3190 1418 3241 pro
1450 3175 1631 3229 multis
1658 3179 1702 3208 "
1734 3195 1747 3243 ;

718 3278 883 3314 meam
915 3282 1048 3329 pono
1082 3282 1175 3330 pro
1212 3266 1392 3317 ovibus
1429 3268 1555 3318 meis
1582 3267 1647 3331 ²⁶;
1690 3278 1775 3322 et:
1815 3268 1976 3322 Panis
2014 3288 2165 3338 quem
2198 3289 2289 3340 ego

716 3356 874 3415 dabo,
933 3370 1057 3406 caro
1113 3370 1226 3407 mea
1280 3365 1394 3420 est,
1446 3371 1603 3425 quam
1643 3374 1734 3426 ego
1782 3358 1918 3410 dabo
1968 3375 2061 3424 pro
2107 3362 2290 3413 mundi

715 3445 823 3499 vita
850 3444 931 3499 ";
965 3445 1204 3513 itemque
1235 3444 1507 3499 dicentem
1542 3450 1605 3498 ad
1636 3447 1849 3502 Judaeos
1881 3466 1893 3501 :
1926 3448 2119 3503 Solvite
2162 3460 2292 3505 tem-

715 3535 861 3602 pium
890 3537 1007 3600 hoc,
1038 3549 1083 3589 et
1111 3540 1163 3590 iu
1198 3539 1365 3592 tribus
1410 3540 1591 3593 diebus
1636 3544 1871 3594 excitabo
1906 3542 2039 3595 illud
2068 3544 2113 3575 "
2143 3561 2157 3597 :
2187 3560 2291 3599 non

718 3624 876 3687 isms,
913 3638 964 3679 ut
1005 3626 1097 3681 Dei
1132 3628 1319 3683 hostes
1353 3632 1748 3693 essecrabitur,
1797 3648 1859 3685 ac
1895 3633 2289 3699 adversabitur,

718 3718 809 3788 qui
843 3718 1045 3773 ChriSti
1077 3720 1330 3775 deitatem
1382 3738 1484 3774 una
1526 3738 1647 3776 cum
1691 3738 1854 3777 carne
1898 3726 2204 3793 passibilem
2231 3742 2295 3780 ac

720 3807 1028 3872 mortalem,
1066 3810 1210 3862 sicut
1243 3811 1430 3875 Arius,
1483 3810 1881 3880 blasphement,
1933 3814 2215 3883 ipsumque
2264 3831 2292 3867 a

718 3897 879 3952 Patre
909 3911 1162 3970 separent
1184 3902 1206 3953 ?

791 4078 879 4132 ιν.
914 4078 1049 4144 Quis
1108 4089 1329 4133 sanctos
1383 4081 1654 4150 apestolos
1707 4082 1970 4149 audiens,
2030 4084 2292 4141 Joannem

722 4168 1084 4238 'l'heolugum,
1114 4186 1174 4223 ac
1211 4188 1459 4240 magnum
1490 4172 1713 4227 Paulum
1743 4190 1756 4227 :
1802 4174 1950 4228 illum
1998 4178 2213 4245 quidem
2244 4181 2293 4235 in

724 4262 1013 4327 EVangelio
1045 4263 1313 4316 dicentem
1351 4280 1365 4315 :
1412 4262 1633 4318 Verbum
1672 4284 1798 4320 caro
1846 4270 2047 4338 factum
2085 4285 2199 4331 est.
2248 4282 2297 4325 et

722 4350 1063 4404 habitat-itit:
1117 4356 1263 4405 nobis
1290 4353 1370 4417 ”;
1423 4355 1564 4408 hunc
1621 4368 1798 4411 autem
1864 4363 1929 4411 ad
1981 4361 2296 4416 Corinthios

720 4446 1074 4507 scribentem,
1107 4456 1159 4497 et
1189 4447 1240 4498 iu
1273 4449 1387 4499 haec
1418 4449 1577 4499 verba
1614 4465 1709 4503 nos
1743 4452 2104 4520 alloquentem
2138 4472 2150 4509 :
2194 4453 2293 4507 Vos

2402 1883 2501 1953 μιᾷ
2532 1883 2846 1945 ὑποστάσει,
2877 1885 2976 1936 οὐκ
3016 1886 3342 1953 ἐκφεύξεται
3376 1888 3621 1949 τούτους,
3651 1889 3742 1940 καὶ
3776 1888 3975 1941 ἀναϐε-

2400 1974 2619 2043 ματίσει
2669 1976 2882 2044 ἡμέρας
2939 1977 3032 2029 καὶ
3075 1979 3289 2039 νυκτὸς,
3331 1980 3461 2047 μίαν
3504 1982 3666 2047 φύσιν
3689 1980 3820 2048 ὅλην
3861 1979 3976 2030 θεό-

2394 2083 2533 2135 τητα
2575 2069 2634 2120 ἐν
2677 2068 2901 2137 Χριστῷ
2950 2069 3342 2140 κηρύττοντας,
3376 2072 3468 2123 καὶ
3517 2072 3576 2122 τὸ
3602 2072 3772 2141 ἥμισυ
3807 2070 3974 2124 αὐτοῦ

2393 2159 2641 2227 ἁπαρνου
2650 2158 2847 2226 μένους
2876 2177 2890 2223 ;

2464 2248 2538 2302 B'.
2573 2249 2669 2313 Τίς
2699 2250 2915 2303 ἁκούων
2952 2250 3047 2303 τοῦ
3093 2250 3333 2321 Χριστοῦ
3381 2253 3516 2321 μετὰ
3548 2252 3644 2323 τὴν
3674 2253 3974 2305 ἀνάστασιν

2394 2340 2647 2408 λέγοντος
2696 2346 2807 2405 τοῖς
2849 2343 3171 2407 ἀποστόλοις
3197 2358 3213 2371 '
3256 2334 3670 2413 Ψηλαφιὶσατέ
3712 2364 3816 2413 μοι
3875 2347 3974 2399 καὶ

2396 2434 2552 2488 ἴδετε
2572 2477 2585 2499 ,
2621 2435 2707 2487 ὅτι
2732 2436 2932 2503 σάρκα
2961 2437 3078 2505 ἔχω
3106 2438 3202 2489 καὶ
3238 2437 3390 2491 ὀστᾶ
3417 2457 3428 2468 ·
3466 2439 3526 2489 οὐ
3567 2454 3976 2506 χριστομαχους

2394 2526 2619 2587 τούτους
2676 2527 2773 2577 καὶ
2836 2528 3216 2595 ἀντιχρίστους
3258 2530 3607 2590 ἀποκαλέσει,
3663 2531 3763 2597 τὴν
3794 2529 3973 2597 σάρκα

2394 2617 2562 2670 αὑτοῦ
2586 2618 2980 2687 ἀρνουμένους,
3006 2622 3099 2669 καὶ
3123 2620 3196 2681 ὡς
3222 2620 3460 2686 σταγόνα
3486 2620 3704 2685 μέλιτος
3730 2621 3763 2688 ἦ
3790 2620 3972 2683 δξους,

2394 2711 2452 2761 ὲν
2482 2709 2560 2777 τῷ
2595 2709 2821 2776 πελάγει
2882 2712 2980 2779 τῆς
3014 2710 3267 2779 Θεότητος
3325 2712 3833 2779 καταποντισθῆναι
3885 2713 3977 2763 λὲο

2394 2816 2609 2866 γοντας.
2651 2800 2747 2851 καὶ
2780 2800 3035 2868 ἀόρατον,
3064 2803 3157 2852 »ἰαὶ
3186 2799 3459 2861 ἀνούσιον,
3491 2808 3585 2852 καὶ
3613 2800 3977 2868 ἀνύπαρκτον

2394 2892 2724 2960 γεγενῆσθαι
2760 2892 3129 2961 κηρύττοντας
3154 2908 3169 2957 ;

2468 2982 2542 3036 Γ.
2581 2982 2681 3043 Τίς
2736 2981 2955 3034 ἀκούων
3014 2981 3177 3034 πάλιν
3239 2979 3405 3031 αὐτοῦ
3464 2978 3561 3031 τοῦ
3610 2978 3822 3047 Κυρίου
3878 2979 3978 3029 καὶ

2394 3072 2530 3125 Θεοῦ
2551 3073 2707 3142 ἡμῶν
2736 3072 3009 3139 λέγοντος,
3029 3073 3106 3123 ὅτι
3130 3069 3353 3125 Ἦλθον
3381 3068 3594 3139 ψυχήν
3614 3087 3735 3137 μου
3762 3069 3977 3120 δοῦναι

1784 3194 1847 3231 ac
1878 3195 1890 3230 :
1922 3179 2031 3247 Ego
2060 3182 2292 3233 animam

2396 3165 2625 3229 λύτρον
2646 3163 2777 3215 ἀντὶ
2818 3161 3069 3214 πολλῶν
3095 3178 3108 3192 ⁸
3144 3166 3241 3213 καὶ
3268 3200 3280 3223 ,
3316 3163 3396 3213 ὅτι
3442 3160 3588 3226 Ἐγὼ
3618 3160 3731 3225 τὴν
3760 3162 3979 3225 Ψυχὴν

2390 3275 2505 3325 μου
2543 3259 2745 3323 τίθημι
2774 3253 2928 3320 ὑπὲρ
2966 3253 3086 3306 τῶν
3124 3253 3435 3319 προϐάτων
3453 3269 3570 3320 μου
3598 3268 3610 3281 ·
3644 3252 3736 3301 καὶ
3772 3253 3883 3311 ὅτι,
3924 3254 3977 3300 Ο

2395 3348 2573 3415 ἄρτος
2606 3347 2677 3399 ἓν
2706 3345 2820 3414 ἐγὼ
2854 3346 3025 3398 δώσω
3055 3385 3069 3409 ,
3104 3345 3141 3409 ἢ
3181 3344 3336 3411 σάρξ
3359 3346 3478 3411 μού
3513 3344 3705 3405 ἐστιν,
3744 3342 3824 3408 ἣν
3864 3343 3980 3411 ἐγὼ

2393 3439 2565 3490 δώσω
2594 3436 2747 3507 ὑπὲρ
2771 3436 2885 3503 τῆς
2924 3436 3028 3490 τοῦ
3056 3437 3292 3503 κόσμου
3324 3434 3473 3501 ζωῆς
3500 3450 3515 3464 ο
3548 3437 3641 3487 καὶ
3670 3436 3807 3503 πρὸς
3839 3436 3978 3489 ‘lou-

2393 3531 2579 3592 δαίους
2607 3530 2867 3594 λέγοντος
2888 3546 2901 3559 ·
2938 3528 3176 3582 Λύσατε
3212 3528 3318 3579 τὸν
3350 3529 3500 3578 ναὸν
3524 3526 3760 3589 τοῦτον,
3787 3526 3888 3580 καὶ
3907 3526 3977 3579 ἑν

2396 3621 2599 3690 τρισὶν
2630 3619 2879 3689 ἡμέραις
2912 3620 3094 3688 ἐγερῶ
3127 3620 3313 3671 αὐτόν
3334 3634 3348 3647 ’
3380 3617 3439 3667 οὐ
3471 3616 3825 3686 βδελύσσεται
3857 3620 3980 3670 τοί-

2393 3730 2519 3775 τους
2551 3712 2625 3774 ὠς
2660 3711 2963 3780 θεομάχους
3000 3713 3092 3762 καὶ
3119 3709 3554 3778 ἀποστρέφεται,
3590 3708 3851 3777 παθητὴν
3881 3709 3979 3761 καὶ

2396 3806 2600 3875 θνητὴν
2644 3803 2742 3872 τὴν
2793 3802 3027 3870 θεότητα
3071 3800 3310 3871 Χριστοῦ
3358 3802 3456 3853 σὺν
3495 3803 3561 3869 τῇ
3601 3800 3770 3866 σαρκὶ
3802 3800 3976 3868 βλασ-

2396 3897 2738 3966 φχμοῦνταῖ,
2784 3895 2859 3957 ὡς
2903 3898 2931 3947 ό
2982 3897 3222 3963 Ἄρειος,
3266 3895 3359 3946 καὶ
3402 3892 3494 3945 τοῦ
3546 3891 3760 3961 Πατρὸς
3813 3892 3977 3943 αύτὺδ

2395 3987 2836 4056 ἀποχωρίζοντας
2866 4003 2881 4051 ;

2466 4082 2538 4131 A'.
2577 4080 2671 4141 Τίς
2704 4078 2922 4130 ἀκούων
2969 4076 3076 4130 τῶν
3120 4078 3295 4145 ἁγίων
3336 4079 3675 4140 ἀποστόλων,
3722 4078 3975 4130 Ἰωάννου

2395 4173 2490 4224 τοῦ
2537 4171 2827 4239 Θεολόγου,
2878 4172 2972 4223 καὶ
3016 4171 3113 4222 τοῦ
3153 4171 3394 4239 μεγάλου
3429 4169 3681 4223 Παύλου·
3717 4172 3813 4221 τοῦ
3877 4169 3974 4236 μὲν

2396 4263 2647 4329 λέγοντος
2703 4263 2762 4313 ὲν
2813 4260 2892 4329 τῷ
2947 4260 3294 4330 Εὐαγγελίῳ,
3328 4261 3409 4312 ὅτι
3450 4262 3513 4312 '0
3567 4261 3759 4327 Λόγος
3818 4260 3975 4326 σάρξ

2396 4356 2657 4424 ἐγένετο,
2709 4354 2808 4406 καὶ
2863 4353 3221 4417 ἐσκήνωσεν
3263 4354 3334 4405 ἐν
3376 4352 3524 4421 ἡμῖν
3562 4370 3574 4383 ·
3628 4353 3723 4404 τοῦ
3758 4354 3813 4404 δὲ
3843 4354 3977 4417 γρά-

2400 4466 2589 4517 φοντος
2626 4448 2721 4500 καὶ
2748 4449 2883 4515 πρὸς
2917 4448 3063 4515 ἡμᾶς
3096 4447 3369 4514 λέγοντος
3409 4447 3607 4513 ’Υμεῖς
3636 4447 3782 4499 ἐστε
3805 4445 3976 4513 σῶμα

720 4534 843 4586 estis
879 4552 1066 4603 corpus
1120 4536 1344 4601 Christi,
1401 4555 1462 4591 ac
1501 4545 1727 4591 membra
1776 4557 1841 4594 ea:
1885 4556 2031 4605 par:e
2059 4544 2136 4609 ³⁰;
2189 4554 2287 4599 et:

2395 4539 2671 4608 Χριστοῦ,
2695 4539 2790 4590 καὶ
2819 4539 2974 4605 μέλη
2998 4540 3065 4589 ἐκ
3086 4540 3329 4604 μέρους’
3358 4538 3473 4598 καὶ,
3501 4538 3582 4588 ὅτι
3610 4539 3686 4588 Τιί
3724 4541 3975 4602 σώματα

722 4630 956 4693 Corpora
1012 4641 1180 4681 restra
1215 4629 1445 4681 membra
1494 4643 1612 4683 sunt
1662 4633 1861 4685 Christi
1894 4634 1976 4699 ³¹;
2012 4646 2063 4685 et
2097 4652 2110 4687 :
2142 4635 2297 4690 Chri-

722 4727 832 4769 stus
861 4735 952 4783 per
981 4720 1156 4770 omnia
1183 4721 1357 4786 factus
1388 4732 1464 4774 est
1495 4722 1641 4775 nobis
1668 4726 1858 4776 similis
1888 4728 2065 4789 Iconio,
2102 4726 2296 4796 absque

720 4822 929 4877 peccato
960 4812 1038 4875 ³¹;
1073 4828 1178 4865 non
1209 4816 1427 4867 damnet
1454 4815 1647 4868 horum
1678 4818 2040 4870 temeritatem
2086 4834 2147 4873 ac
2188 4835 2297 4873 ne-

721 4904 1027 4968 gationem;
1062 4914 1119 4955 ut
1148 4903 1399 4956 Christus
1436 4906 1663 4957 mortale
1691 4922 1887 4974 corpus
1921 4923 1979 4965 ac
2012 4909 2294 4976 passibile,

722 4995 1069 5061 ejusdemque
1100 4996 1377 5047 nobiseum
1412 4996 1731 5049 substantiae
1762 5013 1869 5050 non
1900 4998 2297 5065 assumpserit:

723 5086 815 5135 sed
857 5099 1054 5149 corpus
1100 5085 1337 5137 immune
1380 5100 1409 5137 ει
1463 5089 1819 5153 corruptione
1880 5097 1933 5141 et
1976 5088 2298 5152 immortale,

725 5187 1016 5240 nostroque
1039 5176 1329 5238 dissimile,
1362 5192 1423 5230 ac
1453 5178 1689 5230 alienum
1717 5179 1783 5230 ab
1807 5179 2026 5231 humani
2058 5181 2302 5247 corporis

724 5266 973 5321 ratione?
1008 5268 1106 5333 Qui
1152 5271 1295 5322 enim
1330 5272 1444 5323 hazc
1480 5272 1663 5324 dicant
1696 5271 1784 5323 Dei
1833 5273 2154 5335 adversarii,
2204 5287 2303 5326 nec

728 5358 959 5413 Verbum
991 5377 1210 5415 carnem
1256 5361 1457 5415 factum
1510 5365 1758 5425 credunt,
1807 5372 1862 5415 et
1908 5363 2185 5417 habitasse
2238 5365 2289 5417 iu

724 5452 899 5514 nobis,
930 5467 1028 5505 nec
1058 5467 1155 5505 nos
1185 5453 1386 5506 Christi
1417 5468 1615 5523 corpus
1644 5450 1703 5507 'et
1732 5455 1972 5509 membra
2004 5464 2289 5520 asserunt;

719 5556 851 5611 qum
892 5546 1055 5598 etiam
1101 5544 1374 5612 apostolos
1415 5545 1704 5600 mendaces
1758 5560 1821 5599 ac
1865 5548 2177 5599 seductores
2210 5544 2292 5598 la-

796 5732 842 5762 “
883 5732 1013 5785 Luc.
1049 5746 1196 5788 utv.
1226 5730 1315 5783 '59.
1394 5733 1437 5762 ⁸⁵
1477 5728 1666 5783 Matth.
1701 5745 1793 5794 ιτ,
1829 5727 1921 5781 28.

1999 5729 2046 5760 ¹⁶
2082 5728 2241 5782 Joan.
2279 5744 2347 5792 ι,
2386 5728 2471 5781 17.

2393 4633 2563 4699 ὑμῶν
2595 4633 2750 4701 μέλη
2779 4630 3039 4696 Χριστοῦ
3067 4631 3241 4682 ἐστιν
3270 4645 3284 4659 ο
3325 4630 3417 4682 καὶ
3438 4667 3453 4689 ,
3486 4630 3569 4681 ὅτι
3605 4629 3671 4680 '0
3714 4628 3974 4696 Χριστός

2396 4725 2544 4776 κατὰ
2576 4724 2773 4775 πάντα
2808 4722 2945 4786 ἶσος
2997 4719 3137 4788 ἡμῖν
3179 4721 3349 4773 ἐστιν
3388 4720 3700 4786 ἅνθρωπος
3726 4758 3742 4783 ,
3797 4719 3975 4787 χωρὶς

2402 4815 2693 4882 ἁμαρτίας
2726 4828 2739 4842 ’
2770 4814 2829 4863 ού
2869 4810 3274 4877 καταγινώσκει
3305 4812 3511 4878 τόλμης
3554 4812 3648 4862 καὶ
3688 4812 3974 4879 ἀρνήσεως

2398 4906 2607 4957 τούτων
2634 4922 2647 4934 ·
2675 4906 2760 4957 ὅτι
2808 4904 2967 4971 σῶμα
3030 4901 3224 4971 Θνητὺν
3265 4902 3359 4955 καὶ
3392 4901 3651 4969 φθαρτὸν,
3702 4902 3801 4954 καὶ
3844 4904 3974 4970 ἡμῖν

2398 4996 2719 5065 όμοούσιον,
2752 4995 2779 5046 ὸ
2811 4994 3047 5063 Χριστὸς
3078 4995 3180 5045 οὐκ
3212 4992 3475 5046 ἀνέλαϐεν
3504 5009 3518 5022 ⁶
3553 4994 3670 5045 ἀλλ’
3696 4994 3975 5061 ἄφθαρτον

2403 5088 2564 5155 σῶμα
2613 5086 2710 5139 καὶ
2759 5085 3026 5137 ἀθάνατον
3050 5124 3064 5149 ,
3095 5085 3191 5136 καὶ
3220 5085 3476 5152 ἀνόμοιον
3510 5086 3662 5153 ἡμῖν,
3693 5084 3791 5135 καὶ
3824 5084 3977 5137 ἁλλό-

2399 5160 2587 5248 τριονς
2619 5176 2808 5231 Ταῦτα
2834 5178 2944 5246 γὰρ
2985 5176 3241 5242 λέγοντες
3282 5176 3332 5227 οι
3384 5175 3667 5243 θεομάχοι,
3718 5174 3848 5228 οὔτε
3887 5177 3977 5228 τὸν

2403 5271 2578 5337 Λόγον
2614 5270 2797 5339 σάρκα
2827 5269 3145 5334 γεγονέναι,
3188 5269 3283 5320 καὶ
3330 5270 3389 5319 ἐν
3422 5270 3556 5337 ἡμῖν
3601 5269 3978 5337 ὲσκηνωκὲιοαι

2404 5361 2760 5415 πιστεύουσιν
2787 5378 2801 5391 ο
2835 5362 2960 5413 οὔτε
3005 5363 3150 5432 ἡμᾶς
3204 5363 3366 5433 σῶμα
3407 5362 3648 5429 Χριστοῦ
3716 5366 3811 5415 καὶ
3840 5363 3975 5431 μέλη

2402 5453 2772 5522 κηρύττουσιν
2798 5470 2812 5485 ·
2866 5454 3006 5507 ἀλλὰ
3060 5455 3154 5507 καὶ
3204 5458 3329 5518 τοὺς
3361 5456 3693 5517 ἀποστόλους
3733 5456 3977 5524 ψεύστας

2407 5546 2503 5597 καὶ
2548 5546 2787 5609 πλάνους
2834 5546 3048 5617 ἔχουσιν
3073 5564 3086 5577 ο
3129 5546 3255 5600 οὔτε
3289 5548 3378 5600 τὸν
3410 5548 3646 5619 Χριστὸν
3691 5549 3978 5616 ὀμοούσιον

3734 5727 3781 5757 ²⁹
3814 5724 3977 5781 Joan.

2548 5730 2592 5760 ³⁷
2627 5727 2784 5785 Joan.
2823 5745 2908 5795 νι,
2956 5729 3044 5785 52.
3151 5728 3195 5760 "
3233 5725 3389 5784 Joan.
3434 5744 3471 5782 ll
3497 5766 3513 5795 ,
3550 5728 3637 5784 19.

728 5818 780 5868 I,
816 5804 903 5857 Us.
979 5803 1021 5834 ³⁸
1057 5801 1076 5855 1
1112 5803 1241 5854 Cor.
1277 5818 1373 5870 xtl,
1400 5802 1492 5855 27.
1568 5802 1609 5834 ³³
1647 5800 1818 5880 l_Cor.
1857 5816 1929 5863 νι,
1958 5800 2046 5853 45.
2123 5801 2164 5832 ³³
2199 5798 2362 5853 Hebr.
2397 5814 2471 5863 ιν,
2502 5799 2588 5852 15.
