4194 6444
222 366 359 431 1193

1286 364 1570 424 ORATIO
1614 366 1637 423 Ι
1679 366 1977 425 CONTRA
2022 363 2436 425 ARMENIOS.

3327 366 3466 430 1194

211 480 348 548 ἡμῖν
379 477 673 545 ἄνθρωπον
690 475 978 543 γεγονέναι
1007 475 1383 542 ὁμολογοῦσιν.
1414 478 1473 527 Εἰ
1504 475 1560 527 δὲ
1586 477 1652 527 τὰ
1681 476 1772 526 σώ-

1896 474 2042 526 ciunt
2073 492 2083 530 ;
2136 492 2233 527 nec
2260 476 2531 530 Christum
2562 477 2715 531 nobis
2746 479 3267 531 consubstantialem
3295 482 3469 534 homi-

208 586 356 637 ματα
392 568 551 638 ἡμῶν
592 568 883 634 θνητὰνκαὶ
912 568 1150 638 φθαρτὰ,
1187 568 1214 618 ὁ
1242 568 1419 635 μέγας
1460 567 1784 630 Ἀπόστολος

208 664 370 729 σῶμα
408 660 670 729 Χριστοῦ,
728 663 821 713 καὶ
881 663 1019 729 μέλη
1077 662 1337 728 ἐκήρυξε,
1389 662 1484 711 καὶ
1543 662 1570 711 ὁ
1614 663 1785 728 Λόγος

206 754 350 822 σὰρξ
386 752 628 818 ἐγὶνετο,
660 754 753 803 καὶ
783 754 1098 821 ἐσκήνωσεν
1130 755 1187 801 ἐν
1224 754 1357 819 ἡμῖν
1384 793 1396 809 ,
1435 749 1509 811 ὡς
1538 753 1565 801 ὀ
1596 751 1785 803 Θεολό-

204 863 302 911 γος
350 845 542 913 ἔφησεο
576 845 844 914 πρόδηλον
869 844 949 897 ὃτι
973 844 1040 895 τὰ
1069 843 1295 911 σώματα
1326 842 1433 895 τῶν
1459 844 1781 913 Ἀρμενίων,

204 936 264 986 οὔ
302 934 534 1002 σώματα
564 937 657 987 καί
692 936 829 1005 μέλη
860 936 1099 1005 Χριστοῦ
1133 938 1271 989 εἰσιν
1294 957 1310 971 ν
1337 935 1471 987 ἀλλὰ
1491 936 1582 989 τοῦ
1610 936 1786 987 Σατα-

203 1030 293 1089 νᾶ,
326 1027 425 1079 τοῦ
487 1029 869 1095 σκηνώσαντος
920 1028 979 1079 ὲν
1011 1030 1126 1091 τοῖς
1168 1028 1417 1099 σώμασιν
1448 1028 1649 1090 αὐτῶν,
1692 1026 1784 1078 καὶ

200 1119 303 1179 τὰς
338 1119 587 1187 αἱρέσεις
634 1118 818 1171 αὐτῶν
850 1118 1221 1181 διδάσκοντος,
1258 1121 1349 1173 καὶ
1386 1119 1451 1171 τὰ
1484 1118 1701 1181 ζιζάνια
1728 1119 1784 1169 ἐν

207 1210 397 1269 αὐτοῖς
428 1208 896 1276 ὑποσπείραντος,
949 1210 1044 1262 καὶ
1072 1210 1173 1277 τὴν
1215 1210 1409 1263 ἑαυτοῦ
1462 1209 1781 1279 θεομαχίαν,

206 1292 700 1355 καὶὰποστασίαν
758 1304 944 1367 αὐτοῖς
996 1304 1411 1368 ὑποϐάλλοντας.
1463 1304 1652 1365 Οὕτως
1693 1303 1785 1357 οῦν

206 1389 376 1454 οὗτοι,
406 1395 636 1456 ἑαυτοὺς
658 1393 751 1446 τοῦ
773 1395 1015 1465 Χριστοῦ
1032 1396 1444 1467 ἀλλοτριοῦντες
1467 1398 1515 1448 οἱ
1545 1395 1781 1458 ἀσεϐεῖς,

213 1487 317 1536 οὐκ
348 1485 723 1552 αἰσχύνονται.

283 1664 359 1715 Ε’.
406 1664 503 1722 Τίς
532 1663 749 1713 ἁκούων
784 1664 889 1714 τῶν
938 1665 1258 1718 ἀποστόλων
1301 1667 1397 1719 καὶ
1447 1666 1555 1718 τῶν
1612 1666 1785 1732 ἁγίων

208 1755 494 1818 Πατέρων,
544 1756 644 1819 την
697 1754 953 1822 γέννησιν
1012 1755 1106 1806 τοῦ
1166 1756 1324 1821 Θεοῦ,
1385 1758 1480 1810 καὶ
1529 1758 1783 1827 Σωτῆρος

211 1843 373 1912 ἡμῶν
418 1843 593 1912 Ἰησοῦ
640 1846 906 1914 Χριστοῦ,
963 1846 1191 1917 πρώτην
1237 1848 1456 1919 ἑορτὴν,
1488 1851 1583 1900 καὶ
1627 1848 1784 1917 ῥίζαν

205 1938 300 1990 καὶ
343 1938 541 2006 ἀρχὴν,
600 1940 695 1989 καὶ
748 1938 957 2007 ἑορτῶν
1006 1941 1226 2008 ἑορτὴν,
1290 1942 1386 1993 καὶ
1448 1943 1783 2012 μητρόπολιν

204 2032 397 2085 πασῶν
457 2030 662 2099 ἑορτῶν
714 2030 1097 2097 ὀνομαζόντων
1145 2049 1158 2063 ⁸
1220 2033 1443 2097 τούτους
1490 2035 1593 2089 κᾶν
1646 2034 1783 2099 ὅλως

202 2124 568 2191 Χριστιανοὺς
610 2122 919 2190 λογίσηται,
953 2126 1046 2178 καὶ
1076 2128 1152 2195 μὴ
1201 2129 1405 2195 μᾶλλον
1458 2130 1780 2200 ἀρνησιχρί-

204 2230 365 2274 στους
394 2215 490 2265 καὶ
513 2214 879 2277 διαδολικοὺς,
913 2217 1039 2285 μηδ’
1066 2218 1201 2281 ὅλως
1225 2219 1322 2288 τὴν
1341 2221 1596 2290 γέννησιν
1617 2222 1779 2275 αὑτοῦ

207 2306 654 2376 μνημονεύοντας
688 2308 720 2378 ἧ
757 2310 1157 2379 ἑορτάζοντας;

273 2485 347 2535 Z'.
394 2484 488 2543 Τίς
522 2482 735 2536 ἁκούων
763 2485 870 2537 τῶν
900 2486 1073 2554 ἁγίων
1103 2490 1359 2560 Πατέρων
1383 2491 1476 2544 δύο
1502 2494 1784 2565 θελήματα

202 2576 430 2643 φυσικὰ.
466 2576 559 2629 καὶ
592 2576 686 2629 δύο
718 2580 951 2644 φυσικὰς
985 2582 1265 2650 ἐνεργείας
1316 2586 1375 2635 ἐν
1414 2586 1635 2656 Χριστῷ
1678 2606 1779 2658 κη-

203 2667 521 2735 ρύττοντας,
562 2667 743 2732 καθὼς
778 2670 939 2732 αὐτὸς
986 2674 1015 2723 ὁ
1066 2672 1269 2743 Κύριος
1313 2675 1372 2727 ἐν
1424 2676 1779 2747 Εὐαγγελίοις

201 2758 447 2810 διδάσκει
495 2758 556 2809 οῦ
589 2759 820 2822 δικαίως
862 2762 1142 2830 μέμψεται
1190 2765 1436 2831 τούτους,
1491 2769 1567 2832 ὼς
1606 2773 1783 2824 Μανι-

201 2846 419 2915 χαίους.
467 2850 558 2898 καὶ
614 2848 1123 2920 Ἀπολλιναριστὰς,
1182 2856 1276 2909 καὶ
1330 2857 1779 2928 Εὐτυχιανιστὰς,

205 2937 345 3004 μήτε
410 2935 658 3003 θέλησιν,
723 2940 862 3006 μήτε
924 2944 1208 3014 ἐνέργειαν
1260 2950 1662 3017 ὁμολογοῦντας
1723 2958 1779 3006 ὲν

201 3029 429 3096 Χριστῷ
461 3046 476 3060 ·
514 3030 655 3081 ἀλλὰ
699 3032 833 3100 μίαν
876 3035 1095 3104 Θέλησιν
1146 3040 1238 3091 καὶ
1291 3042 1598 3110 ἐνέργειαν,
1640 3048 1715 3109 ὡς
1752 3051 1779 3099 ὁ

204 3122 446 3189 Ἀρειος,
485 3125 580 3175 ἐπὶ
614 3125 855 3195 Χριστοῦ
883 3128 1277 3197 κηρύττοντας,
1304 3134 1396 3185 καὶ
1421 3135 1522 3204 τὴν
1548 3135 1777 3206 θεότητα

198 3213 372 3266 αὑτοῦ
402 3216 788 3286 εὐτελέστερον
818 3220 912 3270 τοῦ
938 3222 1148 3291 [lat-pb;
1176 3224 1556 3291 δεικνύοντας.

267 3307 342 3357 Z'.
389 3305 485 3368 Τις
515 3307 660 3373 ὀρῶν
702 3310 793 3359 καὶ
828 3310 1045 3362 ἁκούων
1095 3314 1194 3376 τὰς
1246 3320 1634 3388 πανηγυρικὰς
1679 3321 1775 3372 αῦ-

192 3395 303 3446 τῶν
337 3396 578 3465 βίϐλους,
611 3398 713 3459 τὰς
758 3400 1081 3467 Ἀρμενιστὶ
1117 3407 1520 3474 γεγραμμένας
1572 3409 1774 3470 πάσας,

193 3487 288 3539 δύο
324 3487 544 3555 φύσεις,
584 3494 678 3540 καὶ
705 3492 799 3541 δύο
824 3494 1108 3559 ἐνεργείας
1142 3500 1439 3564 προφανῶς
1471 3501 1527 3552 ὲν
1556 3501 1777 3572 Χριστῷ

194 3580 601 3647 κηρυττούσας,
637 3581 816 3645 καθὼς
856 3586 1117 3653 μυριάκις
1168 3588 1531 3657 ὑπεδείξαμεν
1566 3593 1771 3659 αὐτοῖς,

192 3671 285 3720 καὶ
331 3669 645 3739 ὴλέγξαμεν
692 3674 751 3736 ἐξ
794 3676 975 3725 αὐτῶν
1001 3677 1110 3727 τῶν
1140 3678 1285 3730 ἰδίων
1310 3679 1554 3749 βιϐλίων,
1580 3684 1641 3736 οῦ
1678 3684 1773 3737 Θα-

191 3760 356 3811 νάτου
386 3762 604 3829 ἐνόχους
638 3762 800 3826 ἀξίως
833 3767 1277 3831 καταδικὰσειεν,
1310 3771 1385 3834 ὡς
1414 3776 1653 3842 ἀρνητὰς
1677 3776 1772 3828 τοῦ

193 3852 460 3923 Χριστοῦ,
491 3855 585 3906 καὶ
616 3857 925 3923 τῶν,ἁγίων
966 3860 1231 3929 Πατέρων
1266 3863 1516 3934 ἐχθροὺς,
1552 3868 1646 3919 καὶ
1676 3883 1776 3920 πο-

190 3946 441 4013 λεμίους,
475 3947 583 3999 τῶν
614 3965 672 4000 τε
717 3950 1007 4019 Ῥωμαίων
1030 3991 1045 4015 ,
1074 3955 1169 4004 καὶ
1212 3956 1510 4024 Ἀρμενίων
1528 3959 1774 4028 ἀρχαίων

189 4038 530 4089 διδασκάλων
556 4038 954 4107 Θεοπνεύστωνς
982 4043 1142 4106 Τίνες
1170 4041 1263 4097 οὖν
1289 4048 1469 4116 ἕτεροι
1498 4052 1772 4121 αἱρετικοὶ

190 4128 590 4197 ασεεήσαντες,
617 4128 793 4193 οὕτως
826 4133 1253 4205 ὰνῃσχύντησαν
1293 4138 1482 4211 ὥσπερ
1511 4138 1679 4205 οὗτοι,
1720 4145 1770 4196 οἱ

185 4217 247 4268 τὸ
271 4217 601 4283 Εῦαγγέλιον
635 4220 726 4270 τοῦ
755 4222 989 4291 Χριστοῦ
1035 4228 1327 4295 περικόψαι
1368 4232 1461 4283 καὶ
1517 4250 1770 4303 παραχα-

182 4311 346 4379 ράξαι
378 4312 775 4382 τολμήσαντεςς

256 4406 340 4460 ιιι.
381 4406 423 4457 Τ
427 4409 502 4459 ὠν
525 4408 696 4474 ἁγίων
721 4409 980 4479 Πατέρων
1011 4412 1315 4481 συμφώνως
1338 4416 1429 4467 τὸν
1469 4418 1765 4488 Τρισὰγιον

183 4498 378 4566 ὕμνον,
407 4500 487 4561 εἰς
527 4502 627 4571 τὴν
657 4500 822 4568 ἁγίαν
847 4503 1052 4572 Τριάδα
1084 4509 1399 4575 σεραφικῶς
1447 4513 1542 4564 καὶ
1596 4515 1763 4583 εὐαγ-

181 4590 423 4657 γελικῶς
452 4592 914 4661 ἁναπεμπόντων·
945 4598 1040 4649 καὶ
1068 4599 1284 4653 πάντων
1321 4602 1431 4655 τῶν
1458 4606 1763 4676 ἀρχιερέων

174 4686 275 4752 τῆς
309 4683 556 4752 μεγάλης
585 4684 797 4747 πόλεως
818 4686 1056 4758 Ῥώμης,
1094 4692 1172 4752 εἰς
1204 4692 1304 4763 τὴν
1332 4694 1499 4763 ἁγίαν
1531 4701 1758 4769 ’[ριὰὁα,

174 4779 272 4829 τὸν
310 4777 612 4847 Τρισὰγιον
645 4778 816 4847 ὕμνον
837 4820 852 4842 ,
887 4782 995 4833 ἀπὸ
1028 4782 1138 4834 τῶν
1180 4789 1497 4855 κορυφαίων
1528 4798 1760 4848 αποστό-

174 4868 285 4921 λων
322 4868 754 4936 ἀναπέμπεσθαι
800 4872 1141 4942 παραλαϐεῖν
1164 4882 1607 4950 μαρτυρούντων,
1666 4889 1760 4942 καὶ

177 4962 397 5032 μυρίοις
441 4962 752 5032 ἀναθέμασι
802 4969 898 5018 καὶ
953 4967 1351 5039 καθαιρέσεσι,
1405 4975 1612 5047 Πέτρον
1666 4983 1758 5035 τὸν

176 5054 408 5121 Κναφέα
465 5055 997 5110 καθυποϐαλλόντων
1059 5058 1149 5113 διὰ
1208 5063 1308 5134 τὴν
1363 5068 1419 5119 ἐν
1472 5067 1757 5145 Τρισαγίῳ

174 5149 501 5218 προσθήκην
529 5165 545 5179 ·
577 5148 661 5212 τίς
690 5151 754 5203 οὐ
807 5150 1017 5204 τέλειον
1052 5153 1276 5221 τούτους
1331 5165 1614 5232 μισήσειεν
1663 5169 1755 5219 καὶ

174 5243 668 5313 ἀποστραφήσεται
704 5243 780 5306 ὡς
827 5245 1068 5311 ἀσεϐεῖς,
1115 5249 1210 5302 καὶ
1256 5251 1611 5326 βλασφήμους
1660 5260 1756 5313 καὶ

173 5335 527 5401 κακοδόξους,
562 5336 623 5388 οὐ
659 5338 822 5405 μόνον
852 5340 950 5409 τὴν
993 5341 1159 5409 ἁγίαν
1188 5342 1397 5414 Τριάδα
1435 5336 1758 5422 σταυρωθῆο

174 5444 263 5480 ναι
293 5426 757 5500 βλασφημοῦντας
788 5452 803 5469 ο
845 5436 981 5490 ἀλλὰ
1017 5438 1112 5490 καὶ
1143 5440 1237 5492 τὸν
1269 5442 1365 5496 ἕνα
1394 5445 1628 5515 Χριστὸν
1660 5451 1755 5501 civ

173 5523 303 5577 Υὶδν
327 5523 423 5577 τοῦ
455 5526 615 5590 Θεοῦ,
642 5528 719 5591 ὡς
743 5532 771 5581 ὁ
803 5529 1121 5604 Νεστόριος,
1160 5536 1240 5597 είς
1267 5536 1360 5589 δύο
1392 5541 1541 5602 υἱοὺς
1588 5543 1750 5613 χωρί-

171 5618 384 5682 ζοντας.

241 5712 322 5768 8⁸.
365 5715 427 5767 Εἰ
452 5714 511 5769 δὲ
541 5715 891 5788 ἐλεγχόμενοι
923 5721 1314 5792 ἀποκρίνονται
1348 5725 1596 5792 λέγοντες
1625 5746 1637 5758 ·
1668 5731 1751 5782 ὅτι

172 5804 335 5874 ἡμεῖς
382 5806 483 5859 οὐκ
536 5810 616 5870 εἰς
672 5809 773 5880 τὴν
833 5813 1001 5880 ἁγίαν
1057 5814 1265 5885 Τριάδα
1310 5817 1399 5871 τὸν
1455 5820 1751 5891 Τρισὰγιον

507 5904 771 5967 Ριτιιοι..
818 5910 930 5967 Gn.
973 5909 1260 5971 CXXXII.

1894 581 2014 617 netu
2051 567 2252 619 factum
2283 569 2634 623 conﬁtentur.
2664 568 2818 633 Quod
2855 571 2897 620 si
2927 585 3150 639 magnus
3191 572 3468 641 apostolus

1890 657 2123 722 Paulus,
2181 661 2426 713 mortalia
2476 677 2538 714 ae
2578 662 2951 730 cort‘uptihilia
2987 677 3212 729 corpora
3256 673 3465 727 nostra,

1888 748 2091 802 Christi
2126 766 2323 820 corpus
2357 768 2418 806 ac
2453 754 2693 808 rnemhra
2731 754 3041 822 przcdicavit
3077 771 3089 805 :
3122 754 3468 824 Verhumque

1890 857 2017 894 caro
2049 841 2252 895 factum
2288 853 2392 908 est,
2433 856 2484 898 et
2521 847 2783 899 habitavit
2814 846 2866 899 in
2905 848 3082 907 ηοιιίε,
3114 850 3469 916 quemadmo-

1896 936 2021 987 dum
2060 934 2301 990 Joannes
2351 936 2657 1007 Theologus
2706 940 2881 993 dixit:
2916 940 3091 1008 palam
3144 951 3228 993 est
3274 942 3468 994 Arme-

1893 1027 2107 1080 niormn
2134 1043 2387 1097 corpora,
2414 1029 2832 1097 haudquaquam
2861 1030 3063 1085 Christi
3095 1045 3216 1085 esse
3240 1047 3467 1100 corpora

1891 1133 1954 1170 ac
1988 1120 2251 1185 membra,
2290 1122 2383 1174 sed
2418 1120 2635 1175 Satante
2670 1123 2969 1178 habitantis
3006 1125 3059 1176 in
3102 1140 3288 1177 eorum
3345 1140 3469 1178 cor-

1892 1212 2136 1278 poribus,
2169 1228 2466 1283 eornmque
2496 1215 2743 1270 docentis
2778 1216 3034 1279 haereses,
3071 1234 3131 1271 ac
3163 1220 3373 1272 z'zania
3413 1221 3463 1273 in

1891 1302 1972 1355 eis
2022 1303 2365 1367 seminantis,
2415 1320 2678 1373 suamque
2714 1307 2820 1359 illis
2867 1310 3145 1359 adversam
3198 1309 3248 1360 in
3300 1308 3466 1362 Deum

1892 1400 2131 1445 mentem
2201 1408 2264 1446 ac
2322 1393 2679 1449 defectionem
2748 1399 3111 1467 suggerentis.
3182 1397 3273 1452 Sic
3338 1415 3470 1467 ergo

1894 1482 2107 1552 impios,
2165 1484 2256 1555 qui
2306 1500 2364 1540 se
2400 1501 2428 1538 a
2473 1486 2691 1541 Christo
2723 1490 2927 1542 alienos
2967 1490 3326 1558 constituant,
3362 1506 3467 1544 ηοιι

1890 1575 2053 1638 pudet
2078 1574 2099 1625 ?
2758 1592 2764 1597 '

1970 1663 2032 1716 γ.
2066 1664 2197 1731 Quis
2249 1668 2475 1722 audiens
2522 1671 2798 1737 apostolos
2850 1689 2911 1726 ac
2965 1685 3189 1730 sanctos
3238 1678 3467 1738 Patres,

1901 1756 1995 1810 Dei
2031 1772 2092 1809 ac
2122 1756 2426 1813 Salvatoris
2456 1764 2626 1815 nostri
2656 1763 2781 1817 Jesu
2806 1765 3009 1819 Christi
3040 1769 3275 1822 natalem
3300 1770 3469 1827 diem,

1821 1837 1860 1887 Β
1892 1849 2123 1916 primam
2174 1848 2603 1915 solemnitatem,
2645 1856 2989 1927 radicemque
3038 1875 3101 1913 ac
3143 1862 3468 1929 principium

1893 1941 2320 2007 solemnitatutu,
2362 1959 2425 1997 ac
2460 1946 2864 2001 solemuitatuut
2900 1953 3320 2019 solemnitatem,
3347 1972 3469 2010 om-

1898 2033 2157 2104 niumque
2227 2037 2637 2093 solemnitalum
2689 2044 3029 2111 tnetropolim
3099 2048 3466 2116 appellantes,

1893 2128 2028 2181 i5tos
2058 2129 2277 2184 omnino
2309 2130 2653 2186 Christianos
2689 2135 3004 2201 arbitretur,
3056 2154 3117 2192 ac
3156 2157 3258 2193 non
3299 2146 3469 2213 magis

1890 2218 2167 2275 Chrismm
2228 2235 2527 2292 negantes,
2584 2241 2646 2279 ac
2707 2226 3033 2295 diabolicos,
3102 2234 3192 2302 qui
3263 2236 3465 2291 nullam

1889 2311 2115 2364 omnino
2156 2314 2274 2381 ejus
2318 2316 2517 2371 natalis
2570 2322 2887 2374 memoriam
2942 2322 3183 2391 faciant,
3245 2341 3338 2383 aut
3371 2346 3467 2385 ce-

1892 2401 2097 2458 lebrent
2121 2404 2144 2457 ?

1970 2494 2053 2548 Vl.
2094 2495 2224 2562 Quis
2258 2500 2485 2553 audiens
2518 2512 2739 2557 sanctos
2772 2503 2986 2571 Patres,
3027 2510 3301 2563 naturales
3332 2513 3467 2569 duas

1892 2587 2220 2652 voluntates,
2246 2608 2308 2645 ac
2339 2594 2473 2647 duas
2502 2596 2777 2650 naturales
2800 2600 3147 2668 operationes
3169 2604 3219 2655 in
3244 2604 3466 2661 Christo

1894 2682 2270 2747 pranlieantes,
2298 2684 2449 2753 juxta
2480 2687 2623 2755 quod
2653 2689 2767 2755 ipse
2803 2691 3064 2746 Dominus
3092 2694 3145 2746 in
3175 2694 3466 2765 Evangelia

1890 2773 2091 2839 docet,
2148 2792 2254 2829 non
2309 2778 2542 2843 merito,
2617 2780 2738 2833 illos
2793 2793 3046 2851 tauquam
3104 2786 3468 2854 Manicha-os,

1892 2865 2349 2934 Apollinaristas,
2404 2886 2464 2925 ac
2498 2872 2939 2944 Eutychianistas
2988 2879 3333 2948 criminetur,
3374 2889 3467 2954 qui

1892 2972 1992 3012 nec
2046 2960 2402 3029 voluntatem,
2448 2980 2545 3019 nec
2593 2970 2966 3035 operationem
3003 2975 3367 3030 conﬁteantur
3410 2980 3463 3034 iu

1889 3049 2144 3117 Christo;
2197 3056 2290 3108 sed
2354 3072 2513 3111 unam
2552 3062 2883 3116 voluntatem
2942 3080 3003 3119 ac
3054 3072 3465 3137 operationem,

1890 3139 2034 3193 velut
2060 3142 2245 3206 Arius,
2298 3145 2349 3198 in
2399 3147 2628 3202 Christo
2661 3151 2910 3218 doceant,
2952 3157 3179 3228 ejusque
3208 3164 3462 3218 deitatem

1802 3210 1845 3267 ο
1883 3228 2113 3286 Paterna
2149 3235 2497 3303 ahjecdorem
2533 3245 2862 3299 ostendant?

1957 3322 2063 3377 VII.
2097 3324 2231 3392 Quis
2263 3330 2459 3386 videns
2512 3348 2574 3387 ac
2614 3338 2842 3390 audiens
2879 3353 3065 3395 eorum
3101 3350 3458 3419 panegyricos

1882 3429 1945 3467 ac
1999 3426 2314 3472 sanctorum
2381 3429 2764 3479 exornatorios
2819 3430 2982 3484 lihros
3038 3450 3260 3498 oumes.
3324 3441 3458 3496 duas

1882 3518 2146 3572 naturas,
2210 3525 2275 3563 ac
2326 3514 2461 3566 duas
2506 3517 2809 3571 voluntates
2871 3520 3073 3587 liquido
3134 3527 3183 3578 in
3240 3529 3458 3586 Christo

1880 3597 2257 3664 praedicantes,
2298 3604 2373 3655 uti
2409 3608 2680 3661 sexcentis
2722 3609 2924 3663 \itihus
2964 3619 3303 3675 ostenditnus
3351 3626 3452 3687 eis,

1879 3706 2052 3760 exque
2085 3692 2192 3746 illis
2228 3709 2318 3749 eos
2350 3699 2749 3767 redarguimus,
2796 3719 2900 3756 non
2939 3710 3130 3763 mortis
3170 3727 3289 3767 reos
3324 3732 3455 3770 (Ὀιι-

1879 3782 2121 3845 demnet,
2162 3796 2418 3854 tanquam
2468 3806 2561 3845 eos
2606 3793 2697 3859 qui
2759 3794 3037 3851 Chrismm
3091 3816 3325 3870 negent,
3392 3824 3455 3861 ac

1881 3878 2088 3929 Sattt'lis
2118 3876 2372 3934 Patrihus
2406 3883 2787 3950 adversentur,
2833 3889 3049 3957 sintque
3086 3893 3289 3958 hostes,
3341 3908 3454 3953 tum

1877 3962 2234 4031 (it-auorum,
2288 3980 2398 4023 tum
2454 3974 2836 4029 Armeniorum
2891 3996 2919 4030 a
2987 3980 3094 4035 Deo
3150 3985 3453 4045 alllatmunt

1878 4067 2117 4113 veterum
2157 4064 2481 4119 doctorum?
2534 4069 2633 4133 Qui
2691 4087 2820 4138 ergo
2871 4074 3019 4141 impii
3069 4078 3157 4130 alii
3212 4080 3452 4137 lueretici

1876 4164 1940 4204 eo
1992 4153 2339 4220 impudentia:
2394 4175 2780 4228 provexerunt,
2829 4181 2935 4234 quo
2980 4169 3088 4234 isti,
3128 4176 3219 4239 qui
3252 4174 3451 4230 Christi

1874 4240 2226 4314 Evangeliqu
2254 4261 2544 4327 amputare
2572 4293 2588 4318 ,
2638 4269 2701 4309 ac
2744 4257 3049 4316 adulterare
3089 4279 3453 4338 prteStttnpse-

1869 4339 2021 4392 rint?

1945 4432 2081 4486 \‘lll.
2125 4434 2256 4489 Cum
2290 4440 2465 4493 sancti
2514 4440 2704 4499 Patres
2755 4449 3011 4520 hymnum
3058 4451 3343 4523 Trisagion
3395 4458 3448 4511 in

1790 4552 1844 4610 Β
1872 4537 2119 4581 sanctam
2156 4528 2478 4589 Trinitatem
2523 4540 2807 4607 seraphice
2850 4559 2914 4597 ac
2947 4546 3283 4613 evangeliea,
3318 4563 3453 4602 cou-

1872 4634 2003 4672 soue
2053 4623 2357 4690 reducant,
2412 4643 2708 4698 omnesque
2772 4650 2983 4703 magum
3051 4639 3201 4693 urhis
3265 4638 3452 4696 Romae

1868 4712 2185 4779 antistites,
2241 4733 2269 4770 a
2341 4720 2678 4790 principibus
2740 4731 3113 4795 apostolorum
3174 4736 3452 4802 accepisse

1871 4814 2157 4870 testentur,
2221 4811 2591 4867 reducendum
2654 4816 2708 4870 in
2770 4831 3017 4875 sanctam
3078 4822 3447 4892 Trinitatem,

1869 4902 2247 4968 sexcentisque
2286 4904 2423 4959 diris
2467 4922 2532 4961 ac
2580 4909 3016 4979 depositionibus
3063 4916 3281 4971 Petrqu
3318 4918 3448 4974 Ful-

1866 4989 2067 5052 Ionem,
2095 4991 2166 5046 ob
2188 4994 2304 5061 cjus
2331 4995 2383 5048 in
2415 5011 2482 5049 eo
2513 4997 2717 5068 hymno
2737 5004 3042 5056 auctarium
3074 5006 3446 5075 subiecerint;

1864 5083 1989 5151 quis
2018 5098 2123 5137 non
2156 5087 2380 5141 omnino
2434 5092 2564 5145 iStos
2615 5092 2816 5157 oderit,
2872 5109 2937 5151 ac
2988 5110 3289 5163 aversetur,
3326 5112 3447 5155 tau-

1862 5190 2022 5244 quam
2077 5177 2271 5247 impios
2320 5197 2384 5237 ae
2443 5182 2815 5251 hlasphemos,
2881 5189 3307 5261 htereticosque,
3354 5198 3448 5264 qui

1866 5269 2061 5323 nedum
2120 5284 2367 5327 sanctam
2426 5275 2751 5333 Trinitatem
2811 5283 3129 5339 cruciﬁxant
3191 5286 3445 5357 lilaSphe-

1862 5370 2041 5427 mettl;
2098 5378 2287 5418 verum
2341 5367 2502 5420 etiam
2540 5384 2703 5422 unum
2737 5371 3020 5427 Christum
3061 5376 3153 5431 Dei
3211 5378 3444 5447 Filium,

1860 5455 2192 5511 Nestoriano
2226 5473 2414 5513 errore
2462 5460 2512 5513 in
2558 5464 2695 5518 duos
2731 5464 2870 5520 lilios
2898 5466 3179 5523 dividant?

1930 5730 2022 5786 IX.
2075 5730 2228 5799 Quod
2281 5733 2328 5785 si
2376 5733 2697 5803 reprehensi
2749 5739 3112 5808 respondeant
3153 5741 3440 5798 dicentes:

1858 5824 2081 5881 Minime
2140 5827 2407 5894 gentium,
2461 5828 2721 5901 hymnum
2758 5830 3041 5902 Trisagion
3094 5835 3149 5890 in
3197 5845 3443 5890 sanctam

2966 5925 3041 5988 38
