4194 6444
714 354 860 421 1195

1792 354 2042 415 ISAAC!
2085 356 2456 415 ΑΙὶΜΕΝΙίΕ
2501 356 2907 416 (IATHOLICI

3843 354 3993 420 1196

726 488 821 523 nos
858 468 1179 522 Trinitatem
1211 466 1523 529 referimus,
1573 466 1664 519 sed
1696 467 1745 518 iu
1781 468 1952 518 solum
1982 468 2263 520 Christum
2293 486 2305 520 :

2417 468 2582 537 ὕμνον
2606 469 3011 535 ἁναπέμπομεν
3047 481 3058 492 ⁸
3088 464 3224 517 ἀλλὰ
3255 464 3389 535 πρὸς
3421 465 3585 531 μόνον
3610 465 3701 515 τὸν
3732 466 3991 534 Χριστόν·

722 567 839 616 lucc
867 564 1132 624 dicentes,
1161 560 1364 612 Christi
1392 574 1450 612 se
1479 560 1660 611 hostes
1682 569 1869 626 aperte
1891 559 2308 613 confirmarunt.

721 658 1125 722 interrogentur
1172 667 1301 721 ergo
1350 650 1587 703 Armenii
1631 649 1704 701 illi
1751 650 2054 718 Accphali;
2098 650 2310 718 Ergone

718 751 973 802 Christus
1014 746 1105 807 Dei
1136 744 1337 805 Filius,
1373 758 1495 795 tum
1532 757 1696 795 carne
1731 745 2030 796 crucifixus
2068 745 2195 807 fuit,
2242 760 2309 797 an

721 846 836 896 sine
868 856 1071 904 carne,
1126 851 1179 892 et
1231 836 1626 903 incorporeus?
1678 835 1831 901 Quod
1885 837 1929 889 si
1985 836 2180 890 iterum
2213 850 2311 903 per

720 933 1127 987 simulationem
1162 929 1547 997 respondeant,
1584 942 1708 980 cum
1741 941 1904 979 carne
1938 926 2260 980 crucilixum
2292 944 2306 980 :

721 1024 987 1092 siquidem
1039 1035 1167 1087 ergo
1203 1017 1458 1071 Christus
1486 1034 1609 1070 cunt
1656 1032 1823 1070 carne
1870 1014 2166 1067 crucifixus
2205 1025 2307 1077 est,

722 1118 913 1183 sicque
974 1111 1214 1165 Armenii
1270 1110 1501 1163 veritate
1565 1107 1936 1167 confitentur,
2009 1104 2197 1172 quidni
2254 1104 2307 1157 in

724 1210 921 1278 hymno
959 1205 1054 1258 Ter
1090 1213 1307 1255 sanctas
1349 1203 1536 1255 dicunt
1569 1217 1581 1250 :
1616 1200 1848 1252 Sanctus
1886 1196 2065 1258 Deus;
2094 1207 2309 1248 sanctus

723 1301 914 1367 tortis;
952 1310 1171 1351 sanctus
1210 1296 1549 1355 immortalis,
1585 1292 1675 1360 ιιιιὶ
1724 1292 2034 1343 incarnatus
2084 1304 2145 1340 ac
2193 1305 2311 1341 cru-

721 1393 912 1457 ci/ia'tts
947 1407 1000 1444 es
1040 1407 1133 1454 pro
1170 1388 1344 1451 nobis,
1393 1387 1640 1438 miserere
1693 1383 1885 1436 nobis?
1927 1382 2059 1435 Nam
2104 1384 2185 1436 sic
2228 1381 2311 1435 di-

720 1495 909 1538 centes
944 1480 1316 1539 ostenderent,
1377 1477 1430 1529 in
1487 1475 1765 1529 Christum
1814 1488 1874 1526 se
1922 1473 2262 1526 incarnatum
2292 1510 2307 1532 ,

723 1594 845 1630 eum
902 1580 1157 1643 hymnum
1214 1569 1442 1623 referre.
1492 1564 1646 1619 Nunc
1702 1577 1906 1623 autem,
1956 1578 2078 1615 cum
2135 1575 2311 1627 neque

720 1669 904 1724 carnis
937 1669 1268 1721 mentioaem
1296 1662 1521 1723 faciant,
1554 1670 1730 1724 neque
1758 1654 2021 1721 assutnpti
2052 1652 2305 1714 hominis,

721 1778 845 1815 cum
883 1776 948 1813 ex
984 1758 1106 1811 aliis
1138 1755 1414 1816 omnibtts,
1452 1760 1561 1803 tum
1604 1763 1667 1802 ex
1706 1750 1808 1801 hoc
1842 1748 1959 1814 ipso
1994 1746 2166 1813 palam
2191 1743 2307 1799 efﬁ-

722 1855 883 1913 citur,
916 1851 1141 1904 omnino
1168 1861 1369 1915 negare
1390 1843 1596 1898 Christi
1631 1840 2101 1903 incarnationem;
2139 1852 2311 1905 eaque

724 1944 864 1995 ratio
896 1952 1019 2001 est,
1070 1950 1127 1993 ut
1168 1953 1273 1992 non
1310 1936 1569 1991 horreant
1617 1936 1779 1985 unam
1812 1932 1864 1984 in
1898 1929 2119 1985 Ghristo
2150 1939 2311 1983 natu-

726 2052 841 2091 tatn
893 2036 1095 2090 dicere.

1305 2201 1535 2258 CAPUT
1577 2200 1723 2255 Χιιι.

810 2350 963 2417 Quod
997 2364 1088 2402 nec
1117 2345 1275 2400 etiam
1308 2341 1543 2396 Armenii
1573 2337 1961 2394 ordinationem
1994 2336 2241 2389 Ital'eant.

802 2489 840 2541 Ι.
883 2486 1037 2553 Quod
1074 2497 1247 2552 neque
1298 2478 1541 2533 Armenii
1593 2475 1832 2530 habeant
1874 2474 2313 2537 ordinationem,

728 2582 820 2637 scd
852 2585 917 2634 ab
949 2580 1095 2632 omni
1148 2572 1457 2629 sacerdotio
1507 2569 1754 2625 extranei
1790 2568 1925 2628 sint,
1964 2568 2090 2619 inde
2122 2566 2310 2633 liquet.

729 2676 860 2729 Nam
896 2682 1121 2728 saueius
1154 2668 1475 2737 Gregorius,
1535 2663 1628 2733 qui
1677 2660 2062 2714 Armeniorum
2108 2659 2314 2727 episco-

728 2786 826 2839 pus
859 2767 979 2831 fuit,
1018 2780 1081 2817 ac
1114 2762 1377 2816 Leontius
1420 2757 1769 2813 beatissimus
1809 2753 2075 2808 (Ia-sarem
2105 2752 2316 2820 Cappa-

729 2864 895 2916 docia:
930 2856 1403 2925 archiepiscopus,
1446 2851 1536 2920 qui
1572 2850 1823 2904 eumdem
1869 2846 2191 2915 Gregorium
2224 2862 2317 2897 or-

729 2952 959 3014 dinat-it,
992 2946 1307 3003 securitatis
1339 2953 1558 3013 paetum
1585 2942 1728 2994 inter
1755 2953 1814 2993 se
1851 2938 2108 2999 inierunt,
2133 2945 2190 2989 ιιι
2221 2935 2313 3003 qui

730 3060 828 3115 pro
870 3052 1112 3109 tempore
1149 3037 1537 3091 Armeniorum
1590 3031 1880 3102 episc0pus
1922 3029 2314 3098 prmflceretur,

728 3140 795 3192 ab
832 3133 1075 3189 Ecclesia
1125 3143 1191 3183 ac
1251 3126 1510 3197 pontifice
1549 3122 1874 3178 Cmsariensl
1917 3122 2313 3177 ordinationem

730 3226 1024 3295 acciperet,
1056 3237 1119 3276 ex
1150 3234 1257 3289 qua
1293 3218 1407 3285 ipse
1440 3230 1470 3268 a
1500 3212 1768 3284 principio
1802 3209 2102 3280 Gregorius
2133 3222 2310 3261 sacer-

729 3319 934 3374 dotium
982 3312 1302 3382 accepisset,
1337 3321 1457 3377 quas
1490 3305 1674 3360 omnia
1718 3303 1770 3356 in
1808 3302 1949 3356 libro
1984 3302 2047 3353 tle
2083 3298 2203 3352 Vita
2248 3314 2312 3351 ac

732 3410 997 3482 martyrio
1041 3406 1218 3461 sancti
1268 3399 1517 3469 Gregorii
1569 3394 1883 3449 accuratius
1944 3392 2309 3459 explicantur.

730 3505 810 3559 illi
838 3516 968 3558 vero
997 3502 1049 3554 in
1082 3500 1402 3553 innumeras
1427 3490 1663 3561 prolapsi
1692 3489 1950 3548 haereses,
1978 3500 2039 3538 ac
2065 3482 2311 3537 extranei

731 3594 859 3649 facti
891 3592 959 3647 ab
996 3588 1240 3644 Ecclesia
1270 3582 1562 3647 catholica,
1595 3595 1721 3635 cum
1764 3593 1871 3632 non
1903 3577 2179 3645 accipiant
2210 3590 2315 3629 or—

732 3685 1068 3741 dinationem
1104 3682 1170 3735 ab
1203 3677 1449 3733 Ecclesia
1479 3671 1830 3737 Cmsarieusi,
1866 3684 2046 3724 nonne
2092 3669 2316 3722 omnino

731 3777 941 3848 profani
967 3785 1095 3830 sunt
1124 3773 1284 3836 laici;
1312 3782 1561 3839 quosque
1590 3766 1692 3836 ipsi
1718 3764 2085 3833 baptizarunt,
2114 3760 2315 3814 ethnici

731 3883 954 3937 prorsus
983 3880 1081 3921 nec
1113 3860 1419 3933 baptizari?

727 3967 936 4037 ἁνίεροι
967 3961 1273 4027 παντελῶς,
1301 3960 1396 4015 κα)⁵
1422 3954 1835 4030 ἀχειροτόνητοι
1861 3968 1874 3985 ·
1944 3950 2042 4006 καὶ
2103 3951 2155 4004 oi
2221 3945 2283 4013 ἐξ

728 4076 926 4114 τιστοι.

804 4178 870 4232 ll.
908 4174 965 4229 Si
1006 4185 1136 4240 ergo
1174 4183 1332 4232 crux,
1367 4180 1431 4221 ac
1466 4163 1681 4235 signum
1721 4161 1861 4229 ejus,
1912 4160 2118 4228 absque
2148 4155 2313 4211 stulta

731 4286 918 4325 eorum
972 4264 1287 4337 precatione
1327 4274 1391 4313 ac
1418 4256 1712 4322 sacriﬁcio,
1747 4252 1980 4307 invalida
2017 4266 2079 4305 ac
2111 4247 2317 4303 inutilis

732 4361 1027 4418 invenitur.
1061 4369 1163 4409 nec
1194 4364 1278 4408 εει
1308 4351 1470 4420 digna
1502 4361 1621 4415 qua:
1664 4345 1946 4406 adoretur,
1979 4355 2041 4394 ac
2085 4351 2315 4392 venera-

732 4456 866 4511 tioni
913 4454 1180 4508 habeatur
1218 4463 1233 4500 ;
1268 4442 1541 4513 quomodo
1590 4438 1674 4493 vir
1729 4444 1949 4491 sanctus
1997 4433 2313 4501 priusquam

2412 561 2585 612 ταῦτα
2637 560 2915 625 λέγοντες,
2962 558 3302 611 ἐϐεϐαίωσαν
3332 560 3543 617 ἑαυτοῖς
3575 557 3672 625 τὴν
3698 559 4001 627 χριστομὰ-

2414 654 2536 722 χίαν
2566 651 2881 718 προφανῶς.
2941 651 3373 719 Ἐρωτάσθωσαν
3407 647 3502 702 οὖν
3549 651 3595 701 oi
3638 651 3916 719 Ἀρμένιοι
3950 655 3997 704 oi

2428 742 2740 809 Ἀκέφαλοι·
2772 742 2831 794 Ὀ
2864 742 3096 809 Χριστὸς
3120 742 3148 792 6
3177 740 3301 801 Υἱὸς
3330 739 3422 791 τοῦ
3455 739 3591 791 Θεοῦ
3627 744 3763 805 μετὰ
3792 746 3998 810 capiti;

2414 832 2757 901 ἐσταυρώθη,
2785 833 2817 901 ἦ
2846 832 3089 900 ἄσαρκος
3130 831 3225 884 καὶ
3274 830 3606 898 ἀσώματος;
3650 832 3709 883 Εἰ
3746 831 3801 884 δὲ
3834 833 3999 886 πάλιν

2414 927 2471 977 ὲν
2519 924 2811 994 ὑποκρίσει
2858 924 3105 990 λέγουσι,
3148 923 3288 993 μετὰ
3326 923 3562 993 σαρκός·
3623 925 3717 974 καὶ
3762 924 3811 976 εἰ
3858 926 4001 992 μετὰ

2415 1018 2618 1087 σαρκὸς
2643 1020 2669 1070 ὁ
2697 1017 2933 1087 Χριστὸς
2970 1015 3317 1084 ἐσταυρώθη,
3353 1017 3446 1067 καὶ
3479 1015 3653 1077 οὕτως
3687 1018 3744 1067 ὲν
3767 1017 4001 1086 ἀληθεία

2412 1108 2772 1177 ὁμολογοῦσιν
2794 1110 2845 1161 oi
2888 1110 3200 1179 Ἀρμένιοι,
3237 1108 3325 1159 διὰ
3361 1108 3412 1159 τί
3446 1109 3523 1179 μὴ
3553 1109 3802 1176 λέγουσιν
3829 1112 3887 1162 ὲν
3924 1110 4001 1178 τῷ

2414 1202 2700 1270 Τρισαιίῳ
2723 1201 2882 1270 ὕμνῳ
2910 1218 2922 1232 ·
2963 1203 3157 1269 ’Ἄγιος
3183 1204 3215 1253 ὁ
3242 1200 3389 1265 Θεός
3419 1214 3433 1229 ο
3481 1201 3649 1267 ἅγιος
3694 1204 3954 1269 ἰσχυρός
3984 1219 3999 1233 ’

2413 1292 2579 1360 ἅγιος
2606 1292 2926 1357 ἀθάνατος,
2964 1296 2999 1345 ό
3037 1294 3368 1360 σαρκωθείς
3400 1295 3497 1346 καί
3531 1296 3897 1361 σταυρωθείς
3924 1293 4000 1347 δι’

2413 1386 2594 1455 ἡμᾶς,
2636 1385 2903 1453 ἐλέησον
2929 1382 3127 1454 ἡμᾶςη
3160 1385 3319 1438 Οὕτω
3350 1389 3461 1455 γὰρ
3490 1386 3746 1455 λέγοντες
3770 1427 3785 1449 ,
3824 1386 4001 1439 ἐδείκ-

2414 1499 2562 1543 νυον,
2600 1482 2680 1542 εἰς
2707 1480 2798 1532 τὸν
2833 1477 3191 1549 σαρκωθέντα
3240 1478 3478 1547 Χριστὸν
3519 1481 3610 1529 τὸν
3655 1478 3824 1545 ὕμνον
3867 1480 4000 1531 ἁνα-

2414 1574 2727 1641 πέμποντες
2767 1589 2780 1603 σ
2830 1571 2925 1622 νῦν
2974 1572 3067 1635 δὲ,
3098 1572 3234 1641 μήτε
3284 1569 3463 1640 σάρκα
3540 1570 4001 1638 μνημονεύοντες,

2416 1663 2555 1730 μήτε
2597 1660 3050 1730 ὲνανθρώπησιν,
3098 1659 3356 1730 πρόδηλοί
3412 1662 3520 1711 εἱσι
3577 1658 3719 1727 μετὰ
3778 1655 4001 1709 πάντῶν

2415 1753 2509 1803 καὶ
2558 1752 2622 1803 ἑκ
2672 1749 2886 1813 τούτου,
2938 1750 3020 1801 ὃτι
3073 1747 3369 1818 ἀρνιῦνται
3435 1747 3716 1809 παντελῶς
3763 1747 3865 1815 τὴν
3905 1745 4003 1798 τοῦ

2343 1823 2385 1879 Β
2416 1844 2625 1914 Κυρίου
2674 1844 2950 1913 σάρκωσιν
2985 1857 2998 1870 ·
3037 1842 3133 1894 καὶ⁵
3181 1841 3270 1893 διὰ
3304 1840 3487 1903 τοῦτο,
3541 1840 3674 1909 μίαν
3722 1841 3886 1908 φύσιν
3946 1839 4007 1891 ὲν

2418 1937 2643 2009 Χριστῷ
2676 1937 3021 2008 βλασφημεῖν
3049 1937 3111 1989 οὐ
3147 1934 3458 2005 φρίττουσι.

2923 2186 3324 2240 ΚΕΦᾹΛΑΙΟΝ
3405 2184 3505 2237 ῙΓ.

2418 2327 2557 2395 Περὶ
2587 2325 2677 2379 ὅτι
2708 2322 2853 2377 οὐδὲ
2882 2320 3264 2390 χειροτονίαν
3303 2316 3562 2387 ἔχουσιν
3585 2317 3640 2369 ot
3683 2316 3996 2385 'Appérm.

2490 2465 2569 2520 A'.
2609 2462 2877 2519 Ὅτιούδὲ
2928 2458 3265 2532 χειροτονίαν
3331 2457 3548 2527 ἔχουσιν
3593 2456 3643 2508 ot
3702 2454 3999 2524 Ἀρμένιοι,

2418 2558 2554 2611 ἀλλὰ
2585 2555 2861 2622 ἀλλότριοι
2907 2552 3090 2616 πάσης
3140 2548 3443 2617 ἱερωσύνης
3471 2548 3600 2610 eici,
3630 2546 3791 2616 δῆλον
3821 2546 4003 2597 ἐντεῦ-

2420 2649 2511 2701 θεν
2542 2662 2556 2677 ⁸
2586 2648 2614 2699 6
2640 2645 2821 2699 τοίνυν
2847 2643 2999 2710 ἅγιος
3028 2637 3351 2710 Γρηγόριος,
3373 2638 3402 2689 6
3432 2637 3672 2705 γεγονὼς
3703 2637 4003 2696 ἐπίσκοπος

2434 2738 2756 2810 Ἃρμενίας,
2793 2735 2887 2789 καὶ
2927 2734 3180 2795 Λεόντιος
3222 2733 3250 2783 6
3282 2729 3706 2801 μακαριώτατος
3750 2729 4011 2796 ἁρχιεπί·

2424 2848 2623 2894 σκοπος
2657 2827 2997 2897 Καισαρείας
3030 2821 3456 2885 Καππαδοκίας,
3496 2824 3525 2873 6
3551 2821 3645 2872 τὸν
3672 2820 3841 2872 αὐτὸν
3862 2820 4009 2889 Γρηο

2421 2927 2604 2994 γόριον
2639 2921 3053 2993 χειροτονήσας,
3074 2916 3341 2984 διαθήκην
3371 2912 3670 2980 ἀσφαλείας
3687 2913 4005 2980 ἀναμεταξὺ

2423 3019 2604 3072 αὐτῶν
2637 3017 2996 3085 πεποιήκασι,
3032 3010 3122 3063 τὸν
3152 3012 3252 3079 τῆς
3290 3006 3584 3076 Ἀρμενίας
3632 3005 3775 3057 κατὰ
3813 3005 4006 3074 καιρὸν

2378 3168 2386 3185 λ
2425 3112 2729 3164 ἐπίσκοπον
2764 3104 3277 3176 προχειριζόμενον,
3311 3101 3378 3153 ἐκ
3403 3099 3501 3167 τῆς
3549 3098 3882 3167 Ἐκκλησὲας
3914 3102 4010 3148 καὶ

2423 3203 2514 3257 τοῦ
2534 3200 2837 3271 ἀρχιερέως
2864 3196 3189 3264 Καισαρέων
3204 3193 3304 3265 τὴν
3325 3190 3661 3263 χειροτονίαν
3683 3189 3870 3258 λαμϐἀ.
3885 3207 4006 3253 ενειν,

2421 3296 2481 3361 ἐξ
2506 3291 2572 3367 ἧς
2614 3296 2707 3347 καὶ
2764 3292 2925 3352 αὐτὸς
2959 3290 2988 3341 6
3014 3290 3169 3355 ἆγιος
3202 3286 3511 3355 Γρηγόριος
3540 3285 3597 3333 ἐν
3629 3284 3772 3352 ἀρχῇ
3801 3284 3900 3352 τὴν
3932 3284 4008 3334 ξε-

2427 3392 2675 3460 ρωσύνην
2706 3385 2948 3448 ἐδέξατο,
2977 3379 3161 3442 καθὼς
3197 3380 3296 3431 καὶ
3330 3381 3390 3430 ὲν
3416 3378 3491 3447 τίς)
3520 3376 3705 3445 βιϐλίῳ
3735 3377 3830 3428 τοῦ
3895 3377 4005 3445 βίου

2422 3482 2516 3534 καὶ
2564 3475 2870 3548 μαρτυρίου
2924 3470 3016 3524 τοῦ
3068 3469 3222 3535 ἁγίου
3276 3467 3604 3538 Γρηγορίου,
3640 3467 4007 3535 περὶτούτων

2419 3572 2638 3626 πάντων
2682 3565 2929 3640 ἀκριϐῶς
2982 3562 3316 3634 διαγορεύει.
3369 3556 3528 3615 Οὗτοι
3570 3560 3625 3611 δὲ
3677 3562 3754 3623 εἰς
3802 3562 4007 3629 μυρίας

2416 3664 2658 3734 αἱρέσεις
2689 3657 3085 3729 περιπεσόντες
3110 3698 3125 3720 ,
3178 3656 3271 3707 καὶ
3302 3654 3399 3721 τῆς
3428 3652 3726 3719 καθολικῆς
3771 3653 4008 3717 Ἐκκλη-

2418 3759 2539 3818 σίας
2569 3751 3047 3822 ἀλλοτριωθέντες,
3076 3748 3168 3801 καὶ
3200 3750 3263 3798 ἐκ
3288 3745 3385 3814 τῆς
3419 3743 3746 3813 Καισαρέων
3775 3743 4006 3809 Ἐκκλη-

2420 3850 2543 3912 σίας
2594 3843 2936 3917 χειροτονίαν
2982 3841 3055 3911 μὴ
3096 3838 3496 3908 λαμϐάνοντες,
3552 3835 3671 3898 πῶς
3713 3836 3818 3887 οὐκ
3863 3835 4003 3887 εἰσὶν

2350 3947 2555 4002 αὐτῶν-η
2598 3938 3019 4014 βαπτιζόμενοι,
3079 3934 3359 3999 παντελῶς
3417 3933 3623 3987 ἐθνικοὶ
3679 3932 3779 3985 καὶ
3828 3930 4006 3985 ἀδὲπ.

2498 4151 2571 4207 B'.
2608 4152 2668 4204 Εί
2700 4151 2793 4205 οὖν
2822 4151 2850 4202 6
2883 4148 3114 4220 σταυρὸς
3145 4144 3241 4198 καὶ
3282 4145 3310 4197 6
3360 4142 3533 4204 τύπος
3583 4141 3785 4205 αὐτοῦ,
3833 4144 4005 4213 χωρὶς

2428 4244 2666 4314 ματαίας
2714 4242 2897 4295 αὐτῶν
2949 4240 3115 4309 εὐχῆς
3167 4238 3260 4290 καὶ
3307 4235 3534 4297 θυσίας,
3573 4234 3867 4303 ἁνίσχυρος
3914 4238 4008 4289 καὶ

2425 4336 2706 4405 ἀνωφελὴς
2739 4334 3083 4404 εὑρίσκεται,
3122 4331 3220 4383 καὶ
3252 4328 3353 4381 οὐκ
3389 4326 3539 4379 ἐστιν
3568 4326 3716 4390 ἄξιος
3756 4342 4003 4391 προσκυ-

2425 4426 2636 4480 νεῖσθαι
2674 4425 2765 4477 καλ
2815 4422 3104 4493 τιμᾶσθαι,
3137 4420 3255 4481 πῶς
3284 4422 3312 4471 6
3342 4419 3499 4485 ἆγιος
3531 4418 3663 4487 πρὶν
3693 4416 3726 4487 ἢ
3763 4433 4009 4485 χειροτο-

730 4545 1080 4601 ordinaretur
1129 4538 1444 4609 episcopus,
1489 4532 1755 4585 hactenus
1805 4525 2081 4581 exsistcns
2123 4522 2314 4584 laicus,

2426 4521 2658 4592 νηθῆναι
2691 4518 2993 4570 ἐπίσκοπον
3014 4555 3029 4579 ,
3088 4513 3169 4565 ἔτι
3203 4511 3389 4573 λαῖκδς
3427 4510 3504 4564 ὣν
3526 4550 3541 4573 ,
3574 4512 3669 4563 καὶ
3703 4511 3828 4579 μηδ’
3870 4511 4006 4573 ὅλως

737 4652 804 4692 ac
834 4651 959 4689 cum
998 4630 1202 4687 nullutn
1242 4628 1423 4680 adhuc
1463 4622 1792 4690 suscepisset
1829 4617 2098 4676 ordinem,
2127 4624 2320 4667 cruces

734 4732 944 4800 ligneas
979 4722 1277 4779 fabricatis.
1335 4736 1397 4771 ac
1447 4729 1542 4784 per
1572 4728 1663 4768 eas
1712 4710 1986 4763 Armenia:
2036 4705 2178 4760 idola
2226 4704 2321 4758 de-

734 4799 990 4884 strueus,
1035 4817 1339 4885 fugansque
1377 4821 1683 4870 daemones;
1720 4820 1859 4876 quas
1909 4815 2100 4856 cruces
2147 4799 2323 4853 adhuc

735 4922 908 4974 laicus
944 4914 1218 4968 exsislcns
1254 4904 1649 4964 fabricaverat,
1690 4898 1743 4952 in
1787 4897 1990 4967 quibus
2037 4907 2210 4962 neque
2246 4890 2322 4974 fc-

735 5020 889 5068 cerat
928 4990 1226 5066 sacrificia,
1262 5014 1326 5053 ac
1355 5010 1493 5067 quas
1534 4994 1758 5048 minime
1790 4991 2045 5061 precibus
2075 4970 2319 5042 sanctifi-

734 5113 937 5167 cassel,
973 5113 1073 5154 nec
1112 5108 1339 5167 prorsus
1368 5090 1650 5151 unxisset,
1697 5081 2003 5139 adorationi
2048 5080 2323 5151 expositas

731 5211 1000 5260 statuens,
1030 5204 1219 5247 omnes
1262 5185 1447 5241 docuit
1489 5180 1760 5241 venerari,
1802 5187 1966 5247 atque
1992 5175 2058 5229 ad
2094 5189 2187 5229 eas
2239 5188 2325 5226 rc-

732 5308 979 5357 currere,
1008 5305 1069 5343 ac
1093 5289 1194 5342 sub
1227 5283 1362 5354 ipsis
1399 5280 1564 5335 Deum
1597 5276 2027 5345 omnipotentem
2053 5269 2324 5324 adorare?

732 5389 1105 5457 Quamobrem
1140 5378 1491 5451 perspicuum
1532 5383 1648 5436 est,
1691 5384 1816 5427 esse
1863 5368 2087 5423 omnino
2117 5367 2323 5419 alienos

733 5503 761 5538 a
801 5492 995 5537 sancto
1024 5475 1314 5544 Gregorio,
1353 5472 1582 5541 ejusque
1619 5465 1869 5520 doctrina
1906 5476 1967 5516 ac
2006 5460 2319 5532 traditione,

736 5591 897 5646 quem
936 5573 1103 5629 etiam
1138 5566 1311 5623 hostis
1352 5565 1475 5618 loco
1517 5560 1804 5623 habentes,
1843 5571 1940 5611 nec
1970 5553 2087 5623 ejus
2119 5570 2328 5626 utetnog

732 5672 871 5725 riam
912 5666 1181 5729 recolunt,
1225 5675 1325 5715 nec
1357 5657 1555 5712 festum
1585 5652 1890 5717 celebrant,
1927 5664 2027 5703 nec
2052 5646 2322 5717 jejunium

729 5767 847 5837 ejus
879 5764 1197 5834 przctiicant,
1225 5772 1326 5815 nee
1356 5755 1409 5813 in
1454 5753 1574 5824 ejus
1615 5748 1962 5808 solemnitate
1992 5742 2322 5802 sacrificium

729 5866 1018 5931 peragunt.

2414 4614 2568 4683 ,ἔχειν
2622 4609 2983 4682 χειροτονίαν,
3038 4605 3313 4676 σταυροὺς
3376 4602 3623 4666 ξυλίνους
3680 4602 3881 4664 ποιῶν,
3941 4604 4006 4655 δι’

2422 4704 2606 4759 αὐτῶν
2644 4703 2712 4757 τὰ
2763 4700 2960 4754 εἴδωλα
3013 4698 3114 4768 τῆς
3180 4695 3476 4766 Ἀρμενίας
3528 4694 3872 4758 καταλύσας,
3918 4696 4011 4747 καὶ

2422 4801 2549 4861 τοὺς
2583 4798 2845 4866 δαίμονας
2872 4792 3161 4855 ἐκδιώξας,
3189 4788 3388 4851 αὐτοὺς
3420 4786 3548 4849 τοὺς
3586 4787 3883 4857 σταυροὺς,
3920 4785 4011 4847 οὓς

2426 4891 2506 4946 ἔτι
2537 4892 2722 4953 λαῖκὸς
2754 4888 2831 4942 ὢν
2865 4886 3171 4954 πεποίηκεν
3191 4900 3204 4913 ο
3236 4886 3295 4935 ὲν
3329 4876 3410 4944 οἷς
3438 4878 3564 4933 οὕτε
3593 4879 3788 4941 θυσίας
3820 4880 4011 4932 ἐπετέ-

2426 4988 2600 5051 λεσεν,
2626 4983 2758 5037 οὔτε
2779 4984 2838 5035 ὲν
2868 4981 3058 5050 εὐχαῖς
3090 4978 3339 5049 ἡγίασεν,
3360 4972 3484 5027 οὕτε
3514 4972 3577 5024 τὸ
3597 4971 3736 5033 ὅλως
3764 4971 4007 5040 ἐχρισεν·

2428 5084 2507 5145 είς
2540 5077 2919 5151 προσκύνησιν
2966 5076 3198 5145 στήσας,
3246 5068 3495 5123 ἐδίδασκε
3539 5067 3750 5128 πάντας
3784 5065 4012 5127 τούτοτς

2429 5176 2777 5248 προσκυνεῖν,
2803 5171 2896 5224 καὶ
2918 5168 3054 5239 πρὸς
3079 5164 3278 5226 αὐτοὺς
3308 5158 3706 5228 καταιρεύγειν,
3759 5160 3861 5211 καὶ
3884 5158 4012 5210 ἰνώ-

2429 5290 2551 5325 πιον
2589 5267 2773 5322 αὐτῶν
2832 5261 3162 5334 προσκυνεῖν
3219 5258 3310 5309 τὸν
3371 5254 3797 5321 παντοκράτορα
3841 5252 4011 5313 Θεόνς

2431 5364 2595 5417 Ὅθεν
2644 5356 2932 5429 πρόδηλον,
2983 5354 3065 5406 ὅτι
3106 5347 3389 5411 παντελῶς
3441 5346 3720 5415 ἀλλότριοί
3763 5346 3875 5397 είσι
3916 5346 4009 5409 τοῦ

2430 5456 2585 5520 ἁγίου
2634 5449 2965 5523 Γρηγορίου,
3010 5444 3105 5497 καὶ
3151 5442 3250 5511 τῆς
3289 5439 3509 5509 διδαχῆς
3539 5436 3732 5501 αὑτοῦ,
3777 5439 3877 5492 καὶ
3914 5438 4014 5504 τῆς

2431 5545 2790 5618 παραδόσεως
2822 5583 2837 5609 ,
2870 5540 2928 5593 ὃν
2954 5544 3049 5591 και
3080 5536 3155 5600 ὼς
3187 5532 3381 5605 ἐχθρὸν
3412 5531 3653 5601 ἔχοντες,
3703 5528 3835 5582 οὔτε
3878 5547 4013 5600 μνη-

2434 5645 2667 5714 μόσυνον
2724 5634 2890 5690 αὑτοῦ
2943 5630 3213 5690 ποιοῦσιν,
3264 5626 3390 5679 οὗτε
3443 5626 3543 5695 τὴν
3579 5627 3807 5695 μνήμην
3847 5624 4011 5676 αύταῦ

2429 5731 2805 5806 ἑορτάζουσιν,
2838 5725 2963 5780 οὔτε
2990 5723 3247 5795 νηστείαν
3276 5721 3439 5774 αὑτοῦ
3467 5719 3860 5790 κηρύττουσιν.
3890 5716 4013 5770 οὔτε

2428 5832 2494 5901 τῇ
2532 5828 2692 5899 ἑορτῇ
2729 5821 2896 5879 αὐτοῦ
2924 5819 3116 5883 θυσίας
3141 5813 3474 5869 ἐπιτελοῦσι.
