4194 6444
703 376 842 435 1199

703 483 1142 543 solemnitatem,
1209 480 1291 534 vel
1342 481 1674 534 sacriﬁcium

704 583 1012 628 sanctorum
1070 573 1312 634 Patrum,
1361 573 1440 624 vel
1477 574 1783 638 Athanasii,
1824 576 1906 626 vel
1939 573 2122 628 Basilii
2179 574 2286 626 Ma-

705 668 815 736 gni,
851 666 926 720 vel
976 663 1222 734 Gregorii
1257 663 1670 732 Thaumaturgi,
1713 666 1792 718 vel
1825 664 2068 733 Gregorii
2103 665 2278 718 Theo-

705 761 832 828 logi,
892 758 970 811 vel
1038 756 1448 827 Cln-ymstomi,
1486 755 1568 810 vel
1614 757 1832 826 (lyr-illi,
1897 758 1979 809 vel
2028 755 2283 826 Ephrem,

702 851 782 903 vel
817 849 1049 916 alicujus
1102 851 1322 902 alterius
1358 846 1532 900 Patris
1589 867 1600 900 :
1654 863 1775 901 cum
1811 862 1940 918 ergo
1990 859 2040 901 et
2093 859 2169 901 tot
2223 862 2286 901 ac

703 945 870 997 tantis
924 943 1150 1003 sanctis,
1202 940 1399 993 nullius
1451 941 1531 993 vel
1578 939 1844 1009 jejunium
1894 940 2140 1001 servetis,
2204 937 2285 990 vel

702 1035 1018 1086 memoriam
1049 1030 1358 1093 celebretis,
1386 1030 1468 1084 vel
1500 1030 1822 1084 sacrificium
1878 1029 2091 1082 faciatis
2114 1070 2127 1092 ,
2161 1032 2283 1098 quei

703 1128 844 1178 hunc
875 1125 1046 1177 solum
1085 1122 1359 1186 Sergium,
1395 1122 1619 1176 terribili
1651 1122 1873 1190 jejunio,
1912 1137 1975 1173 ac
2007 1122 2092 1174 die
2126 1120 2282 1183 festo,

702 1218 1063 1284 sarriticiiquc
1113 1216 1418 1281 oblatione,
1473 1228 1725 1285 tanquam
1763 1215 1902 1269 Deus
1938 1224 2098 1278 esset,
2154 1217 2286 1270 adeo

705 1311 983 1361 honoratis
1025 1319 1187 1377 atque
1244 1307 1463 1362 colitis?
1517 1307 1877 1372 Quamobrem
1937 1308 2283 1377 perspicuum

699 1413 802 1465 est,
837 1404 1087 1470 pra-latos
1120 1417 1211 1455 vos
1247 1413 1466 1455 sanctos
1501 1401 1689 1454 Patres
1737 1402 1859 1455 ideo
1898 1402 2172 1455 exsecrari
2223 1415 2287 1454 ac

701 1496 965 1558 aversziri,
990 1496 1129 1562 quod
1169 1493 1279 1546 sint
1320 1493 1549 1546 Romani
1585 1511 1597 1545 :
1637 1508 1840 1560 uosque
1883 1493 2024 1554 ideo,
2060 1507 2123 1544 ac
2159 1491 2282 1561 quia

704 1587 931 1640 Romani
963 1599 1172 1648 sumus,
1212 1602 1376 1639 unum
1409 1595 1644 1638 vestrum
1684 1584 1930 1653 Sergium
1966 1585 2280 1637 Armenium

700 1682 1053 1732 detestamur.

773 1945 854 1998 Ill.
896 1945 984 1998 Sic
1016 1960 1074 1997 se
1109 1945 1181 1996 illi
1217 1944 1464 1997 videntes
1521 1942 1765 2008 coargui,
1836 1941 2018 1995 statim
2066 1938 2281 2008 quidem

702 2039 874 2105 S.'rgii
914 2037 1056 2089 illam
1100 2037 1363 2110 rationem
1421 2046 1655 2106 negant;
1694 2035 1823 2105 quin
1859 2043 1913 2088 et
1967 2048 2078 2088 sua:
2124 2044 2286 2088 secta:

702 2131 967 2191 homines,
1010 2129 1098 2196 qui
1137 2129 1257 2195 ejus
1286 2126 1474 2193 jejunii
1508 2127 1772 2179 rationem
1822 2127 1873 2177 in
1924 2124 2169 2194 Sergium
2204 2140 2288 2178 re-

698 2223 894 2287 ferant,
932 2221 1064 2275 diris
1103 2222 1384 2275 devovent”.
1421 2220 1557 2273 Tum
1592 2233 1743 2280 vero,
1773 2227 2030 2287 tanquam
2085 2219 2284 2287 proba-

701 2316 859 2368 hilius
908 2313 1050 2365 aliud
1078 2312 1394 2374 commenti,
1416 2310 1677 2379 jejunium
1705 2308 2024 2363 Artzeburis
2051 2309 2282 2370 dictum,

699 2407 906 2460 lN'inivre
941 2404 1157 2458 tradunt
1190 2417 1310 2457 esse
1343 2402 1633 2472 jejunium.
1698 2399 1800 2455 Ubi
1856 2407 2037 2452 autem
2094 2401 2158 2453 ad
2194 2413 2287 2451 eos

699 2499 1000 2552 dixerimus
1031 2517 1041 2550 :
1069 2495 1202 2549 Cum
1239 2509 1337 2550 nec
1365 2494 1536 2548 sancti
1572 2492 1799 2559 apostoli
1826 2493 1991 2544 hocce
2022 2490 2285 2560 jejunium

697 2593 898 2658 scripto
929 2588 1323 2659 consignarint,
1361 2601 1532 2654 neque
1562 2583 1779 2638 Niemua
1817 2583 2074 2653 synodus,
2110 2597 2287 2649 neque

699 2682 894 2750 aliquis
948 2693 1286 2741 sanctorum,
1345 2684 1570 2745 excepta
1627 2676 1784 2737 feria,
1849 2690 1909 2728 ac
1964 2674 2284 2737 l’arasccve,

699 2789 1004 2844 magnaque
1045 2771 1488 2839 Quadragcsima,
1527 2785 1590 2823 ac
1622 2767 1956 2823 liebdomada
2008 2765 2286 2820 Passionis

697 2868 935 2928 Christi,
1018 2880 1225 2920 necnon
1272 2864 1479 2933 jejunio
1531 2860 1843 2915 Nativitatis
1897 2859 2118 2926 Christi,
2158 2875 2287 2913 san-

698 2951 1439 3028 ctorumqueapostolorum,
1493 2971 1556 3010 ac
1617 2956 1705 3010 Dei
1767 2953 2057 3009 Genitricis
2104 2969 2116 3004 :
2167 2953 2286 3022 quis

699 3053 849 3105 vobis
878 3053 1064 3121 jussit,
1103 3061 1160 3103 ut
1206 3051 1404 3119 gentis,
1440 3063 1560 3116 qua:
1611 3048 1770 3115 longo
1809 3060 2076 3099 annorum
2109 3047 2284 3114 spatio

697 3144 899 3197 Christi
948 3142 1237 3196 adventum
1278 3142 1590 3209 praecessit,
1631 3138 1897 3207 jejunium
1946 3136 2286 3191 observetis?

700 3236 978 3305 Siquidem
1049 3236 1194 3288 enim
1245 3233 1551 3288 .ludmorum
1602 3233 1848 3302 jejunia,
1925 3245 1951 3283 a
2016 3231 2126 3284 Deo
2192 3245 2286 3298 per

695 3329 881 3382 Mosen
942 3336 1180 3390 statuta,
1241 3327 1329 3379 ubi
1373 3329 1484 3394 jam
1543 3325 1795 3380 Christus
1844 3322 2013 3386 venit,
2068 3336 2287 3376 servare

697 3423 1084 3490 prohibemur;
1143 3430 1344 3489 quanto
1399 3419 1569 3488 magis
1619 3419 2005 3473 sceleratarum
2047 3416 2285 3485 gentium

692 3513 935 3580 jejuuia?

770 3808 857 3863 ιν.
899 3807 989 3863 Sic
1030 3822 1159 3875 ergo
1214 3805 1482 3874 (.Oéll'gllll,
1547 3804 1732 3856 dicunt
1792 3803 1986 3855 iterum
2027 3817 2146 3854 esse
2186 3804 2286 3854 hoc

697 3900 889 3952 Adami
930 3899 1198 3967 jejunium
1245 3913 1258 3948 :
1293 3893 1584 3964 P05tquam
1616 3894 1783 3958 enim,
1821 3894 2094 3962 inquiunt,
2124 3894 2289 3947 exivit

699 4008 728 4046 e
765 3990 1057 4054 l’aradiso,
1092 3988 1359 4057 jejunium
1413 3986 1542 4039 illud
1590 3986 1872 4056 jejuuavit.
1911 3983 2054 4054 Ergo
2106 3996 2293 4039 osten-

695 4085 846 4143 dant,
884 4096 1133 4152 quamam
1173 4095 1201 4131 a
1230 4079 1338 4132 Deo
1380 4077 1640 4147 inspirata
1669 4076 1975 4146 Scriptura,
2013 4086 2105 4130 aut
2159 4091 2285 4147 pro-

699 4180 884 4244 pheta,
929 4174 1011 4225 vel
1061 4172 1274 4235 doctor,
1335 4179 1430 4223 aut
1481 4171 1716 4238 scriptor
1777 4170 1826 4223 id
1861 4170 2072 4223 doceat.
2104 4168 2286 4238 ESaoe,

700 4285 822 4324 cum
861 4265 1155 4321 historicus
1189 4263 1278 4318 ille
1307 4261 1522 4335 Moyses
1549 4263 1614 4317 de
1645 4262 1806 4328 cmlo,
1848 4273 2012 4326 terra,
2038 4261 2292 4330 omnique

694 4369 883 4415 creato
913 4355 1238 4426 scripserit:
1277 4354 1342 4408 ad
1383 4359 1494 4408 haec
1527 4367 1676 4418 vero,
1717 4353 1783 4408 de
1825 4353 2015 4407 Adami
2059 4365 2122 4406 ac
2161 4349 2287 4406 Evze

699 4453 1043 4514 formatione,
1087 4449 1263 4518 deque
1294 4461 1480 4501 eorum
1515 4445 1968 4514 transgressione,
2006 4461 2070 4499 ac
2094 4446 2287 4500 exsilio

1785 375 2029 432 lSAACl
2075 375 2444 435 ΑΗΜΕΝΙΛΞ
2481 375 2885 435 CATIIOIJCI

3838 383 3975 444 12-λο

1731 499 1743 533 :
1789 497 1850 535 ac
1907 497 2082 550 neque
2132 484 2286 535 ullius

2393 481 2458 552 τὴ
2493 485 2523 551 ἡ
2558 486 2722 551 πεῖρα
2755 483 2846 534 τοῦ
2886 484 3212 552 πράγματος
3261 489 3548 557 μαρτυρεῖ,
3584 490 3664 541 ὅτι
3695 491 3871 551 οὐδεὶς
3905 497 3974 560 ή-

2394 576 2510 645 μῶν
2532 576 2730 644 ἤκουσε
2764 575 2857 626 τοῦ
2893 575 3050 642 ἁγίου
3099 577 3402 645 Γρηγορίου
3444 582 3596 648 παρὰ
3645 581 3741 650 τῆς
3776 582 3977 651 Ἀρμε-

2391 668 2508 728 νίας
2534 665 2656 718 οῠτε
2685 667 2963 733 νηστείαν,
2995 667 3118 719 οὔτε
3153 669 3369 739 ἑορτὴν,
3405 670 3527 723 οὔτε
3563 671 3756 724 θυσίαν
3791 691 3803 703 ·
3849 674 3976 728 οὔτε

2390 757 2551 809 ἄλλου
2583 757 2726 819 τινὸς
2759 757 2917 823 ἁγίου
2942 760 3176 828 Πατρδς,
3201 760 3231 827 ἢ
3273 762 3615 826 Ἀθανασίου,
3637 765 3666 833 ἢ
3687 764 3975 816 Βασιλείου

2388 849 2480 901 τοῦ
2527 849 2802 916 Μεγάλου,
2857 851 2889 919 ἢ
2928 851 3237 920 Γρηγορίου
3274 853 3366 904 τοῦ
3408 855 3878 924 Θαυματουργοῦ,
3942 857 3974 925 ἦ

2389 943 2690 1013 Γρηγορίου
2755 943 2849 994 τοῦ
2901 943 3258 1014 Θεολόγου,ἧ
3314 944 3406 998 τοῦ
3473 948 3891 1016 Χρυσοστόμου,
3940 949 3972 1014 ἦ

2401 1034 2661 1104 Ἐφραὶμ,
2701 1035 2732 1104 ἦ
2772 1035 2936 1087 ἄλλου
2975 1037 3122 1099 τινὸς
3157 1037 3317 1104 ἁγίου
3348 1041 3583 1107 Πατρός.
3635 1042 3728 1091 Ἐκ
3764 1042 3974 1093 τούτων

2389 1124 2483 1178 οὖν
2519 1127 2630 1178 τῶν
2664 1128 2924 1181 τοιούτων
2968 1129 3063 1181 καὶ
3115 1133 3459 1198 τηλικούτων
3511 1133 3703 1198 ἁγίων,
3759 1135 3976 1196 ούδενδς

2388 1215 2512 1268 οὔτε
2548 1218 2804 1284 νηστείαν
2837 1221 3217 1288 νηστεύοντες,
3252 1221 3377 1274 οῦτε
3410 1225 3633 1292 μνήμην
3680 1225 3975 1294 ἑορτάζον-

2388 1326 2500 1371 τες,
2529 1309 2654 1362 οὔτε
2692 1310 2885 1362 θυσίαν
2931 1311 3217 1374 ποιοῦντες
3245 1329 3256 1342 ·
3308 1313 3429 1376 πῶς
3459 1315 3652 1368 τοῦτον
3683 1317 3845 1383 μόνον
3881 1318 3975 1369 τὸν

2391 1401 2638 1468 Σέργιον,
2663 1401 2919 1454 τοσοῦτον
2949 1402 3039 1455 διὰ
3071 1404 3330 1473 νηστείας
3367 1405 3603 1474 φοϐερᾶς
3636 1411 3730 1459 καὶ
3773 1409 3973 1476 ἑορτῆς

2390 1492 2485 1544 καὶ
2511 1491 2724 1556 Θυσίας,
2753 1493 2828 1556 ὡς
2860 1494 2994 1548 Θεὸν
3028 1497 3228 1564 τιμᾶτε
3258 1497 3352 1549 κα)⁵
3387 1497 3724 1567 θεραπεύετε
3752 1517 3768 1562 ;
3803 1501 3974 1551 Ὀθεν

2389 1583 2679 1653 πρόδηλον,
2718 1586 2800 1637 ὅτι
2837 1587 2962 1648 τοὺς
2993 1589 3432 1658 προειρημένους
3474 1591 3665 1657 ἁγίους
3696 1592 3974 1658 Πατέρας,

2388 1675 2463 1736 ὼς
2511 1674 2820 1742 Ῥωμαίους
2845 1675 3204 1745 βδελύσσεσθε
3250 1677 3345 1730 καὶ
3386 1678 3804 1747 ἀποστρέφεσθε
3833 1695 3847 1707 ·
3879 1679 3974 1728 καὶ

2388 1763 2477 1816 διὰ
2534 1765 2695 1818 τοῦτο
2739 1767 2832 1818 καὶ
2879 1758 3040 1835 ἡμεῖς
3085 1767 3184 1820 ἕνα
3231 1767 3387 1836 ὑμῶν
3432 1768 3657 1836 Σέργιον
3702 1769 3796 1820 τὸν
3847 1769 3976 1836 ’Δρ-

2316 1832 2360 1890 B
2395 1856 2598 1927 μένιον.

2459 1949 2533 2004 I".
2604 1951 2842 2015 Τούτους
2899 1952 3013 2022 (45)
3073 1951 3273 2014 αὐτοὺς
3329 1951 3590 2020 ἐλέγχους
3645 1951 3975 2013 ἀκεύοντες,

2395 2045 2641 2116 παρευθὺ
2683 2048 2781 2116 μὲν
2826 2046 3120 2118 ἀρνοῦνται
3152 2047 3251 2116 τὴν
3276 2046 3369 2098 τοῦ
3415 2047 3641 2117 Σεργίου
3676 2049 3972 2114 πρόφασιν·

2389 2141 2524 2193 ἀλλὰ
2562 2142 2656 2192 καί
2697 2138 3165 2208 άναθεματίζουσι
3215 2139 3343 2200 τοὺς
3394 2139 3707 2207 ὁμόφρονας
3769 2137 3972 2199 αὐτῶν,

2389 2232 2512 2294 τοὺς
2549 2231 2646 2300 τὴν
2697 2229 2958 2300 νηστείαν
3004 2229 3213 2298 ταύτην
3245 2229 3338 2280 τοῦ
3395 2229 3621 2297 Σεργίου
3671 2229 3970 2296 λέγοντας·

2391 2319 2512 2376 εἶτα
2545 2321 2620 2384 ὡς
2662 2321 2823 2390 δῆθεν
2863 2321 3254 2392 πιθανωτέραν
3288 2322 3564 2390 πρόφασιν
3602 2319 3974 2389 πλασάμενοι,

2389 2416 2662 2484 λέγουσιν,
2688 2417 2768 2468 ὅτι
2797 2417 2828 2484 ή
2862 2415 3091 2486 νηστεία
3124 2416 3218 2467 τοῦ
3250 2416 3550 2485 λεγομένου
3569 2414 3974 2484 Ἀρτζηϐούρη,

2389 2511 2487 2580 τῆς
2513 2509 2704 2562 Νινευῖ
2765 2510 2883 2561 ἐστι
2912 2509 3160 2578 νηστεία.
3213 2508 3384 2560 Ἐπὰν
3428 2509 3484 2561 δὲ
3527 2510 3690 2578 ἡμεῖς
3725 2508 3976 2575 λέγωμεν

2392 2605 2527 2672 πρὸς
2555 2603 2776 2667 αὐτοὺς,
2813 2604 2895 2655 ὅτι
2932 2603 3026 2670 Μή
3060 2619 3117 2653 τε
3149 2600 3257 2653 τῶν
3287 2601 3460 2667 ἁγίων
3488 2599 3807 2653 ἀποστόλων
3834 2617 3976 2668 γρα-

2387 2695 2606 2764 ψάντων
2655 2693 2863 2762 ταύτην
2913 2692 3219 2762 νηστεύειν,
3278 2692 3418 2760 μήτε
3478 2691 3579 2759 τῆς
3644 2692 3702 2742 ὲν
3769 2690 3978 2757 δικαία

2391 2788 2634 2852 συνόδου,
2696 2789 2834 2856 μήτε
2867 2787 3028 2840 ἄλλου
3058 2786 3203 2848 τινὸς
3231 2786 3410 2852 ἁγίου,
3446 2785 3628 2854 παρὲκ
3653 2785 3749 2853 τῆς
3777 2785 3976 2852 τετρά-

2387 2881 2474 2943 δος
2533 2882 2626 2932 καὶ
2665 2881 3026 2950 παρασκευῆς
3061 2880 3157 2930 κα)⁸
3211 2879 3308 2945 τῆς
3350 2877 3595 2946 μεγάλης
3629 2894 3979 2946 τεσσαρακο-

2391 2976 2544 3044 στῆς,
2581 2977 2676 3026 καὶ
2707 2974 2807 3043 τῆς
2845 2972 3141 3041 ἑϐδομάδος
3168 2974 3262 3028 τοῦ
3305 2972 3522 3034 Πάθους
3568 2972 3663 3024 τοῦ
3712 2971 3978 3042 Χριστοῦ,

2390 3070 2483 3121 καὶ
2515 3070 2612 3136 τῆς
2641 3067 2737 3119 τοῦ
2774 3065 3016 3136 Χριστοῦ
3054 3065 3367 3134 Γεννήσεως
3390 3064 3666 3132 νηστείας,
3725 3065 3822 3115 καὶ
3873 3064 3982 3115 τῶν

2315 3181 2358 3238 C
2391 3158 2565 3227 ἁγίων
2592 3158 2930 3220 ἀποστόλων,
2972 3157 3066 3210 καὶ
3101 3157 3198 3226 τῆς
3227 3156 3496 3209 Θεοτὸκου
3526 3172 3539 3184 ·
3572 3157 3656 3218 τίς
3682 3159 3708 3208 ὁ
3737 3159 3982 3224 προστά-

2392 3255 2488 3316 ξας
2530 3252 2675 3320 ὑμᾶς
2713 3248 3049 3321 (νηστεύειν)
3102 3248 3361 3315 νηστείαν
3412 3247 3584 3300 ἐθνῶν
3625 3248 3734 3316 πρὸ
3767 3248 3980 3296 πολλῶν

2391 3341 2555 3397 οὖσαν
2587 3343 2727 3396 ἐτῶν
2776 3342 2872 3410 τῆς
2919 3341 3016 3392 τοῦ
3070 3340 3311 3409 Χριστοῦ
3369 3339 3700 3408 ὲπιδημίας;
3765 3339 3829 3391 Εἰ
3887 3333 3980 3391 οὖν

2390 3441 2487 3500 τὰς
2530 3437 2830 3498 Ἰουδαῖκάς
2877 3435 3153 3505 νηστείας,
3205 3435 3301 3494 τάς
3351 3433 3454 3485 ὑπὸ
3483 3432 3618 3483 Θεοῦ
3663 3432 3982 3501 όρισθείσας

2390 3532 2478 3583 διὰ
2537 3531 2805 3591 Μωσέως,
2862 3527 3188 3594 κωλυόμεθα
3251 3526 3557 3596 νηστεύειν,
3593 3525 3688 3582 τοῦ
3736 3527 3978 3594 Χριστοῦ

2393 3624 2642 3685 ἐλθόντος
2676 3638 2689 3650 ·
2721 3621 2905 3692 πολλῷ
2943 3622 3145 3691 μᾶλλον
3195 3620 3291 3682 τὰς
3343 3619 3450 3670 τῶν
3511 3619 3980 3689 παρανομούντων

2392 3715 2562 3769 ἐθνῶν
2593 3715 2872 3784 νηστείας.

2465 3805 2538 3863 Δ’.
2577 3806 2763 3868 Οῦτως
2812 3802 2904 3857 οὖν
2950 3803 3326 3872 ἐλεγχόμενοι,
3377 3801 3539 3853 πάλιν
3572 3800 3790 3867 λέγουσι
3828 3819 3839 3830 ·
3873 3800 3978 3851 T03

2406 3900 2577 3970 ’Δδάμ
2610 3901 2762 3952 ἐστιν
2785 3898 2924 3966 αῦτη
2953 3898 2985 3966 ὴ
3010 3897 3258 3965 νηστεία.
3287 3895 3445 3949 Μετὰ
3475 3895 3584 3965 γὰρ
3617 3895 3676 3945 τὸ
3739 3894 3979 3958 ἐξελῦεῐν

2394 3993 2582 4057 αὑτὸν,
2617 3992 2807 4060 φασὶν,
2835 3996 2898 4042 ὲκ
2929 3990 3023 4042 τοῦ
3057 3988 3422 4057 παραδείσου,
3466 3989 3796 4056 νενήστευκε
3850 3987 3980 4038 11'3-

2391 4102 2512 4156 την.
2547 4082 2760 4138 Οὐκοῦν
2822 4082 3175 4146 δειξάτωσαν,
3204 4081 3334 4133 ποία
3377 4079 3734 4140 θεόπνευστος
3769 4078 3977 4147 βίϐλος,

2393 4177 2426 4248 ἢ
2461 4179 2748 4247 προφήτης
2778 4216 2793 4239 ,
2850 4174 2882 4244 ἢ
2918 4173 3280 4241 ιδιδάσκαλος,
3340 4173 3372 4242 ἢ
3432 4171 3782 4240 συγγραφεὺς
3824 4169 3982 4223 τοῦτο

2392 4269 2662 4324 διδάσκει.
2700 4266 2834 4338 Περὶ
2875 4266 2975 4338 μὶν
3011 4266 3269 4337 οὐρανοῦ,
3306 4265 3401 4318 καὶ
3436 4264 3562 4332 γῆς,
3596 4265 3690 4318 καὶ
3725 4264 3828 4330 τῆς
3862 4263 3981 4315 κτί-

2396 4376 2532 4422 σεως
2573 4359 2778 4427 πάσης,
2821 4360 2848 4411 ὁ
2897 4359 3106 4428 Μωσῆς
3143 4357 3417 4428 ἱστορικὸς
3469 4353 3932 4424 συγγραψάμενος
3965 4369 3976 4383 ·

2395 4451 2476 4504 ἔτι
2511 4451 2568 4503 δὲ
2620 4451 2718 4503 καὶ
2762 4452 2891 4519 περὶ
2926 4451 3028 4519 τῆς
3064 4449 3318 4511 πλάσεως
3371 4447 3462 4500 τοῦ
3524 4447 3696 4516 ’Δδὰμ
3746 4447 3841 4498 καὶ
3883 4445 3980 4513 τῆς

697 4563 726 4596 e
767 4543 1062 4606 Paradiso;
1122 4554 1220 4592 nee
1272 4553 1376 4591 non
1425 4539 1629 4607 pariter
1656 4538 1720 4590 de
1757 4538 1982 4590 liliorun
2034 4551 2285 4604 procrea-

2395 4542 2580 4603 Εὕαςο
2621 4543 2883 4612 καὶπερὶ
2929 4543 3025 4611 τῆς
3072 4542 3438 4613 παραϐάσεως
3481 4541 3683 4603 αὐτῶν,
3736 4541 3832 4592 καὶ
3881 4540 3982 4607 τῆς

699 4638 866 4701 tione,
929 4646 1148 4703 lataque
1191 4646 1380 4687 eorum
1431 4634 1540 4684 vita
1590 4645 1652 4684 ac
1685 4641 1894 4694 morte;
1949 4644 2288 4696 nequaquam

698 4741 882 4785 tamen
937 4738 1219 4798 postquam
1255 4740 1284 4780 e
1338 4722 1599 4777 Paradiso
1648 4722 1854 4792 egressi
1904 4732 2108 4786 essent,
2147 4721 2292 4789 jeju-

699 4839 860 4878 nasse
915 4820 1154 4889 scripsit.
1192 4817 1471 4887 Siquidem
1501 4818 1645 4869 enim
1697 4814 1952 4883 paradiso
1984 4813 2120 4882 pulsi
2160 4813 2288 4865 illud

701 4931 831 4970 tunc
889 4913 1156 4984 jejuniqu
1215 4907 1829 4979 jejunassent,Omnino
1855 4908 2019 4960 etiam
2079 4904 2290 4974 Moyses

702 5011 849 5064 illius
885 5007 1243 5068 meminisset,
1270 5000 1728 5070 quemadmodum
1761 4998 2286 5068 etiam'conseripsit

697 5118 888 5158 eorum
919 5117 1005 5155 res
1036 5113 1247 5152 omnes.
1293 5095 1427 5148 Cum
1460 5111 1589 5164 ergo
1614 5093 1822 5163 Moyses
1850 5092 2146 5147 historicus
2199 5107 2262 5144 ac

699 5200 986 5269 propheta,
1011 5192 1142 5246 nihil
1179 5189 1445 5262 ejusmodi
1493 5188 1904 5257 conscripserit,
1944 5195 2036 5240 aut
2070 5185 2292 5241 oumiuo

699 5293 937 5354 dixerit,
1007 5287 1183 5358 palam
1246 5294 1328 5339 est
1379 5285 1512 5337 istos
1570 5281 1778 5334 fabulas
1830 5281 2162 5350 confingere,
2227 5295 2291 5333 ac

701 5383 988 5437 mendaces
1022 5392 1163 5432 esse.

776 5574 834 5629 V.
878 5575 968 5628 Sie
1006 5580 1188 5627 autem
1249 5569 1481 5626 convicti
1545 5567 1867 5623 seductores
1920 5565 2019 5630 illi,
2067 5579 2288 5635 respon-

701 5671 825 5726 dent
863 5681 986 5723 esse
1039 5665 1305 5734 jejunium
1336 5663 1630 5728 Armenlrc,
1683 5675 1806 5717 cum
1848 5677 1878 5716 a
1915 5669 2105 5716 sancto
2133 5658 2290 5727 δῦτε-

773 5852 883 5924 μῦ)
919 5852 1079 5908 Forte
1123 5848 1302 5903 αὐτοί.

2393 4636 2460 4686 ἐκ
2505 4632 2599 4684 τοῦ
2637 4632 2968 4702 παραδείσου
3004 4631 3218 4702 ὲξορίας
3245 4649 3259 4663 ο
3287 4631 3547 4691 ὡσαύτως
3591 4632 3686 4682 καὶ
3724 4632 3851 4699 περὶ
3882 4635 3981 4697 τῆς

2398 4725 2740 4786 παιδοποιίας
2773 4725 2974 4788 αὐτῶν,
3013 4727 3108 4777 καὶ
3141 4725 3321 4792 πάσης
3348 4723 3529 4776 αὐτῶν
3559 4723 3659 4791 τῆς
3685 4723 3859 4788 ζωῆς,
3889 4729 3980 4775 καὶ

2397 4817 2492 4870 τοῦ
2525 4819 2759 4870 θανάτου
2795 4833 2807 4844 ·
2860 4817 3116 4887 οὐδαμῶς
3148 4816 3533 4888 συνεγράψατο
3558 4858 3574 4882 ,
3610 4817 3692 4868 ὃτι
3728 4819 3874 4884 μετὰ
3922 4818 3982 4867 τὺ

2392 4910 2630 4975 ἐξελθεῖν
2685 4911 2882 4969 αὐτοὺς
2933 4911 2997 4961 ὲκ
3046 4909 3142 4962 τοῦ
3199 4910 3534 4980 παραδείσου
3587 4910 3977 4979 νενήστευκαν.

2397 5004 2532 5056 Τότε
2564 5005 2676 5072 (46)
2706 5003 2908 5073 ταύτην
2928 5003 3026 5073 τὴν
3046 5002 3303 5070 νηστείαν
3319 5001 3412 5054 τοῦ
3441 5002 3775 5073 παραδείσου
3803 5003 3983 5074 ἐξορι-

2400 5098 2642 5159 σθέντες,
2688 5099 2904 5159 πάντως
2937 5096 3003 5149 ἂν
3037 5099 3132 5150 καὶ
3161 5096 3368 5167 ταύτην
3400 5098 3427 5149 ό
3457 5096 3697 5164 Μωῦσῆς
3733 5096 3984 5164 ἐμνημό-

2398 5207 2588 5246 νευσεν
2610 5191 2802 5260 ὥσπερ
2835 5191 2927 5242 καὶ
2957 5191 3135 5244 πάντα
3163 5191 3387 5244 ἐκείνων
3428 5187 3812 5258 συνεγράψατο
3841 5204 3856 5219 ·
3890 5188 3981 5239 τοῦ

2399 5284 2492 5338 οῦν
2529 5283 2949 5354 ἱστοριογράφου
2992 5283 3274 5346 Μωῡσέως
3308 5283 3404 5335 καὶ
3457 5283 3764 5351 προφήτου,
3812 5280 3982 5348 μηδὲν

2399 5381 2645 5436 τοιοῦτον
2683 5379 3133 5450 συγγράψαντος,
3165 5379 3303 5445 μήτε
3333 5375 3623 5443 εἰρηκότος
3648 5370 3935 5434 παντελῶς
3966 5387 3980 5400 ο

2398 5478 2535 5527 εἰσὶν
2575 5470 2722 5527 οὗτοι
2758 5472 3049 5542 μυθολόγοι
3094 5471 3189 5523 καὶ
3227 5467 3656 5537 ψευδοπλάσται.

2472 5567 2546 5622 Ε’.
2585 5569 2692 5620 Καὶ
2729 5567 2903 5630 οὕτως
2927 5565 3281 5634 ἐλεγχόμενοι
3315 5562 3364 5612 οἱ
3403 5562 3614 5625 πλάνοι,
3656 5559 3984 5630 ἀποκρίνον-

2404 5677 2517 5723 ται,
2552 5660 2632 5712 δτι
2665 5659 2698 5728 ἡ
2737 5657 2959 5726 νηστεία
2988 5657 3106 5707 ἐστὶ
3149 5653 3248 5721 τῆς
3289 5650 3609 5722 Ἀρμενίας,
3654 5649 3747 5702 ὅτε
3785 5647 3982 5718 ἐμεὶλε

2473 5837 2581 5910 μυ)
2619 5836 2777 5894 Forte
2810 5836 2905 5889 ἐὰν
2937 5834 3047 5905 γὰρ
3081 5835 3454 5905 νενήστευκαν
3485 5829 3629 5882 τότε.
