4194 6444
701 368 845 431 1203

1785 369 2035 430 ISAACI
2081 365 2455 427 ARMENI/E
2486 368 2893 431 CATHOLICI

3810 372 3950 438 1204

690 485 815 541 dem
869 496 949 542 est
1009 488 1263 555 baptismi
1313 488 1712 552 Armeniorum,
1764 492 1887 556 quei
1943 487 2136 540 iterum
2188 486 2258 538 itr-

2377 486 2489 548 πῶς
2533 489 2689 542 πάλιν
2732 491 2814 553 είς
2846 491 3066 561 Ῥώμην
3106 490 3323 563 εὑρέθη,
3372 491 3465 545 καὶ
3504 493 3604 563 τῆς
3645 492 3954 562 βαπτίσεως

687 589 909 629 ventum
965 586 1047 630 est
1100 576 1304 641 Romae,
1357 594 1421 633 ac
1476 577 1727 646 baptismi
1778 576 2119 631 Constantini
2180 576 2263 629 ef-

686 669 927 723 fectum?
1692 682 1699 686 ‘

763 760 895 815 VIII.
924 763 1155 817 Audiant
1173 763 1353 815 omnia
1379 762 1493 817 haec
1519 762 1803 831 impiorum
1829 761 1959 814 falsa
1988 760 2259 829 ligmenta,

687 854 808 907 falsi
842 856 1078 909 nominis
1105 854 1402 909 Christiani
1437 870 1501 910 ac
1553 856 1690 909 falso
1735 855 2031 908 existimati
2076 854 2263 905 ortho-

687 946 836 1011 doxi,
886 948 976 1013 qui
1026 963 1147 999 cum
1207 947 1499 1007 haereticis,
1562 948 1704 1000 hunc
1745 946 1940 1001 animis
1970 936 2259 997 exitiosum

683 1038 1041 1091 Artzebnrem
1073 1037 1734 1106 alacrianimojejunant,
1768 1051 1830 1089 ac
1857 1052 2043 1089 eorum
2079 1036 2258 1088 dolum

687 1132 926 1197 cogitent
961 1172 977 1194 ,
1016 1141 1073 1183 ut
1103 1131 1358 1185 nimirum
1390 1130 1784 1187 exsecrandum
1819 1130 2088 1195 quoddam
2117 1127 2260 1195 ejus-

682 1222 828 1273 modi
867 1224 938 1275 sit
966 1222 1179 1275 illorum
1216 1222 1498 1289 jejunium.
1524 1221 1728 1289 Nempe
1762 1220 1984 1289 Sergius
2015 1220 2257 1288 quidam,

680 1314 1067 1368 Armeniorum
1125 1315 1345 1368 haeresis
1395 1313 1673 1383 magister.
1726 1328 1917 1366 canem
1954 1312 2148 1366 haheat
2180 1312 2260 1365 sic

683 1404 1013 1471 appellatum
1062 1406 1435 1457 Artzeburem.
1494 1402 1663 1456 Porro
1716 1418 1780 1456 ea
1840 1418 1964 1465 vox,
2014 1418 2259 1467 prwnun-

684 1498 819 1547 tium
872 1496 1231 1565 significabal.
1276 1493 1542 1548 Utehatur
1602 1508 1974 1563 szepenumero
2034 1492 2257 1560 Sergius

681 1605 747 1643 eo
780 1590 1042 1643 adventus
1102 1591 1288 1644 nuntio
1328 1606 1391 1643 ac
1428 1591 1748 1649 iudicatore,
1803 1588 2045 1639 (la-mone
2082 1586 2252 1653 ipsum

682 1694 899 1752 agente,
941 1699 1063 1737 cum
1119 1685 1169 1736 in
1217 1682 1471 1751 oppidum
1507 1680 1743 1749 aliquod,
1796 1689 1890 1733 aut
1928 1680 2138 1741 urbem,
2172 1678 2254 1731 vel

681 1774 857 1827 locum
903 1786 1156 1828 venturus
1189 1785 1350 1839 esset,
1394 1774 1482 1825 ubi
1524 1772 1645 1841 ejus
1684 1771 1959 1839 discipuli,
2022 1786 2085 1823 ac
2142 1772 2251 1822 liae-

681 1867 819 1920 rcsis
868 1866 1053 1919 infecti
1106 1865 1195 1918 lue
1252 1864 1604 1918 habitarent:
1650 1878 1884 1930 cumque
1940 1862 2012 1914 illi
2072 1875 2261 1915 canem

681 1958 983 2021 vidissent,
1042 1958 1300 2026 postridie
1355 1958 1421 2009 ad
1484 1956 1688 2025 aliquot
1739 1954 1989 2008 milliaria
2045 1955 2259 2007 obviam

685 2049 947 2117 magistro
1005 2048 1157 2102 effusi
1216 2047 1602 2115 procedebant.
1660 2046 1830 2099 Porro
1887 2045 2151 2113 contigit,
2187 2047 2262 2095 'ut

681 2141 835 2192 canis
888 2140 1210 2207 quandoque
1266 2139 1498 2193 emissus
1552 2137 1616 2191 ad
1667 2136 1882 2191 solitum
1942 2150 2170 2199 munus,
2229 2150 2256 2185 a

682 2230 809 2299 lupo
858 2229 1253 2292 devoraretur;
1303 2230 1464 2298 inque
1507 2229 1799 2282 crastinum
1845 2226 2121 2295 profecms
2178 2236 2261 2279 est

684 2321 931 2391 Sergius,
961 2337 1071 2393 quo
1107 2338 1296 2377 canem
1331 2323 1654 2378 destinarat.
1691 2320 1827 2373 Cum
1860 2331 2038 2374 autem
2080 2336 2258 2383 nemo,

682 2415 761 2466 uti
816 2417 897 2467 lex
928 2423 1069 2477 erat,
1106 2416 1319 2467 obviam
1369 2414 1742 2482 processisset,
1795 2414 2034 2479 graviter
2091 2413 2255 2465 tulit:

680 2507 1012 2576 veniensque
1044 2507 1110 2559 ad
1157 2520 1269 2567 eos,
1311 2506 1397 2559 ubi
1433 2504 1683 2574 cognovit
1710 2504 1829 2573 ejus
1868 2519 2255 2572 praecursorem

682 2595 937 2650 catellum
970 2597 1194 2651 minime
1226 2597 1534 2661 advenisse,
1567 2596 1717 2649 misit
1746 2598 1835 2665 qui
1862 2610 1984 2649 eum
2017 2596 2258 2663 require-

680 2698 805 2743 rent
858 2705 871 2739 :
925 2703 1101 2757 exque
1137 2688 1370 2743 inventis
1398 2688 1635 2749 ossibus,
1686 2702 1727 2739 a-
1759 2681 1887 2756 lupo
1938 2688 2255 2741 devoratum

682 2797 1040 2852 cognoscens,
1072 2781 1346 2837 Armeniis
1380 2782 1634 2835 omnibus
1674 2781 1945 2849 prtecepit,
1989 2790 2045 2832 ut
2085 2790 2253 2848 statu,

683 2877 755 2929 tis
783 2875 1076 2944 quotannis
1103 2874 1308 2935 dielms,
1337 2888 1432 2941 pro
1467 2874 1582 2939 ejus
1609 2883 1781 2927 morte
1817 2871 1998 2941 jejuna
2012 2884 2147 2937 rent,
2192 2890 2258 2927 ac

682 2972 868 3025 tristes
923 2971 1125 3025 luctum
1189 2981 1440 3040 agerent,
1506 2970 1666 3040 idque
1718 2970 1905 3039 jejunii
1966 2970 2259 3038 appellavit

680 3066 1066 3118 Artzeburem.
1121 3064 1465 3119 Detestentur
1496 3062 1608 3117 haec
1657 3070 1711 3116 et
1758 3041 2132 3123 adversentur,
2163 3064 2253 3131 qui

2376 580 2788 633 Κωνσταντίνου
2825 581 3043 648 ἐγένετο
3064 596 3078 646 ;

2444 760 2523 811 H'.
2558 760 2929 814 Ἀκουέτωσαν
2950 761 3126 815 ταῦτα
3152 763 3330 816 πάντα
3352 763 3818 833 ψευδοπλάσματα
3843 766 3956 818 τῶν

2370 852 2614 918 ἀσεϐῶν,
2644 857 2692 907 οἱ
2724 855 3102 925 ψευδόχριστοι
3134 858 3226 909 καὶ
3258 856 3669 926 ψευδορθόδοξοι
3692 897 3707 918 ,
3739 860 3789 909 οἱ
3820 856 3953 909 τοῦ-

2367 963 2458 998 τον
2490 948 2580 999 τὸν
2609 947 2952 1018 ψυχοφθόρον
2986 949 3398 1020 ’Δρτζηὸούρην
3434 949 3573 1017 μετά
3604 950 3713 1003 τῶν
3744 951 3957 1016 αἱρετι-

2370 1038 2480 1091 κῶν
2522 1041 2819 1110 προθύμως
2863 1040 2989 1112 (49)
3036 1043 3327 1112 νοήσαντες
3352 1059 3366 1072 ⁸
3408 1043 3503 1094 καὶ
3546 1044 3824 1110 νοήτωσαν
3864 1040 3959 1090 τὴν

2361 1131 2516 1182 δόλον
2551 1131 2729 1183 αὐτῶν
2757 1149 2769 1161 ο
2804 1134 2885 1185 ὅτι
2928 1132 3163 1204 βδελυρά
3196 1134 3281 1195 τίς
3316 1135 3467 1186 ἐστιν
3501 1134 3534 1200 ή
3566 1132 3790 1199 τοιαύτη
3826 1129 3955 1182 τού-

2366 1241 2474 1276 των
2500 1225 2756 1287 νηστεία·
2790 1226 2870 1277 ὅτι
2902 1226 3126 1293 Σέργιός
3152 1242 3259 1289 τις,
3287 1225 3608 1286 διδάσκαλος
3629 1222 3730 1291 τῆς
3748 1224 3957 1290 Ἀρμε-

2367 1317 2523 1384 νικῆς
2569 1317 2833 1386 αἱρέσεως
2879 1318 3211 1386 γενόμενος,
3264 1315 3377 1386 εἶχε
3431 1318 3569 1369 κύνα
3616 1315 3955 1383 καλούμενον

2364 1408 2507 1460 οὕτω
2536 1408 2964 1478 Ἀρτζηῆούρην.
3000 1409 3160 1480 Δηλοῖ
3198 1411 3253 1461 δὲ
3366 1409 3511 1472 λέξις
3544 1407 3634 1459 τὸν
3672 1403 3955 1473 προμηνύ-

2363 1519 2513 1570 τορα.
2556 1502 2743 1570 Τούτῳ
2788 1504 2997 1571 μηνυτῇ
3043 1502 3135 1553 καὶ
3176 1501 3478 1569 σημάντορι
3516 1501 3614 1566 τῆς
3656 1496 3953 1565 ἐπιδημίας

2363 1591 2528 1643 αὐτοῦ
2575 1591 2831 1651 πολλάκις
2869 1593 2897 1643 6
2937 1593 3162 1659 Σέργιος
3198 1592 3465 1660 ἐκέχρητο
3507 1590 3658 1658 παρὰ
3696 1588 3952 1654 δαίμονος

2362 1684 2775 1751 ἐνεργουμένη),
2810 1682 3018 1751 μέλλων
3050 1682 3182 1754 [δὲ]
3215 1681 3555 1750 ἐπιδημῆσαί
3585 1698 3691 1731 τινι
3718 1679 3826 1730 τῶν
3858 1695 3951 1728 πο-

2361 1774 2602 1842 λιχνίων,
2634 1775 2665 1844 ἢ
2696 1776 2921 1843 κωμῶν,
2949 1774 2981 1844 ἢ
3010 1775 3248 1845 χωρίων,
3284 1775 3341 1826 ὲν
3370 1768 3451 1833 οἷς
3477 1771 3658 1841 ᾤκουν
3686 1769 3950 1839 μαθηταὶ.

2369 1869 2461 1921 καὶ
2495 1869 2710 1937 μέτοχοι
2736 1870 2831 1938 τῆς
2867 1868 3045 1937 λύμης
3077 1868 3240 1920 αὐτοῦ
3261 1883 3274 1895 ·
3304 1868 3400 1919 καὶ
3427 1866 3515 1918 ὅτε
3544 1865 3632 1916 τὸν
3662 1865 3799 1916 κύνα
3824 1863 3952 1915 τοῦ·

2364 1975 2456 2010 τον
2490 1954 2663 2022 εἶδον,
2700 1959 2978 2027 ἐξεχέοντο
3018 1958 3157 2028 μετά
3198 1960 3326 2027 μίαν
3364 1959 3580 2028 ἡμέραν
3617 1957 3721 2025 πρὸ
3760 1955 3954 2022 μιλίων

2361 2047 2522 2099 τινῶν
2559 2051 2635 2108 εἰς
2678 2049 2981 2116 ἀπάντησιν
3019 2048 3115 2099 τοῦ
3153 2048 3500 2101 διδασκάλου.
3541 2045 3677 2097 Ποτὲ
3715 2043 3773 2096 δὲ
3814 2043 3953 2111 πρὸς

2362 2141 2460 2210 τὴν
2507 2142 2714 2211 συνήθη
2765 2141 3113 2211 λειτουργίαν
3156 2141 3184 2190 ὁ
3235 2139 3382 2192 κύων
3427 2137 3800 2208 ἐκπεμφθεὶς,
3846 2133 3953 2185 ὑπὸ

2362 2231 2542 2284 λύκων
2596 2232 2810 2302 ἐϐρώθη
2842 2249 2856 2263 ·
2914 2234 3009 2284 καὶ
3066 2232 3205 2300 μετά
3258 2232 3357 2300 τὴν
3412 2228 3679 2282 ἐπιοῦσαν
3736 2228 3953 2295 ἡμέραν

2363 2326 2610 2379 ὲΰάδισεν
2640 2327 2666 2376 6
2703 2326 2924 2394 Σέργιος
2962 2326 3047 2391 ἐφ’
3072 2320 3154 2386 οἷς
3190 2322 3482 2375 ἀπέστειλε
3515 2322 3604 2372 τὸν
3636 2319 3798 2371 κύνα.
3834 2319 3953 2386 Mq-

2361 2420 2511 2480 δενδς
2554 2419 2609 2471 δὲ
2651 2420 2792 2469 κατᾶ
2827 2418 2918 2469 τὸν
2953 2419 3123 2469 τύπον
3159 2403 3716 2485 προῡπαντήσαντος,
3750 2411 3953 2462 ἐδεινο-

2362 2512 2574 2579 πάοησε
2601 2527 2614 2541 ⁸
2655 2512 2747 2562 καὶ
2780 2509 3127 2576 ἐπιδημήσας
3158 2509 3371 2569 αὐτοῖς,
3407 2504 3593 2572 ἐπειδὴ
3629 2502 3951 2571 μεμάθηκεν

2362 2602 2442 2653 ὅτι
2474 2600 2533 2651 οὐ
2568 2599 2901 2667 παρεγένετο
2935 2598 3067 2669 πρὸς
3099 2600 3296 2661 αὐτοὺς
3328 2600 3355 2650 6
3386 2598 3693 2667 πρόδρομος
3725 2595 3894 2648 αὐτοῦ
3924 2596 3952 2647 ό

2363 2693 2510 2744 κύων
2530 2729 2543 2753 ,
2577 2690 2821 2759 ἔπεμψεν
2851 2692 2931 2752 εἰς
2964 2689 3302 2760 ἀναζήτησιν
3332 2689 3499 2743 αὐτοῦ
3524 2708 3537 2721 ·
3574 2690 3668 2741 καὶ
3697 2688 3952 2755 διαγνοὺς

2362 2784 2523 2837 αὑτὸν
2567 2784 2674 2835 ἀπ’)
2720 2784 2816 2852 τῆς
2859 2782 2965 2834 τῶν
3015 2783 3219 2835 ὀστέων
3264 2784 3556 2852 εὑρέσεως,
3602 2780 3953 2848 λυκόϐρωτον

2360 2878 2644 2946 γεγονότα,
2677 2875 2981 2945 προσέταξε
3014 2877 3147 2928 πᾶσι
3180 2878 3293 2938 τοῖς
3328 2875 3635 2945 Ἀρμενίοις
3662 2875 3951 2941 νηστεύειν

2362 2971 2503 3041 ὑπὲρ
2538 2971 2637 3039 τῆς
2678 2969 2934 3034 τελευτῆς
2977 2966 3165 3031 αὑτοῦ,
3206 2968 3301 3019 καὶ
3343 2968 3643 3035 κατηφιᾷν,
3685 2966 3779 3018 καὶ
3818 2982 3949 3017 axu-

2361 3062 2676 3133 ορωπάςειν
2726 3061 2809 3128 ἐφ’
2838 3061 3075 3130 ἠμέρα“ις
3122 3059 3457 3129 ὡρισμέναις
3505 3058 3626 3110 κατ’
3653 3058 3901 3109 ἐνιαυτόν
3930 3073 3946 3086 ⁸

682 3156 887 3210 idcirco
962 3155 1106 3225 quod
1146 3157 1216 3209 sit
1257 3170 1453 3225 magna
1487 3169 1553 3208 ac
1588 3154 1921 3207 exsecranda
1991 3155 2253 3216 Itznrrsis,

2364 3159 2455 3209 καὶ
2498 3144 2603 3224 τὴύ
2640 3154 2898 3223 νηστείαν
2939 3154 3143 3222 ταύτην
3184 3150 3588 3221 Ἀρτζηϐούρην
3629 3151 3945 3217 ὠνόμασαν.

684 3262 805 3299 eam
840 3248 974 3300 adeo
1020 3245 1260 3316 pessimi,
1312 3259 1367 3298 se
1406 3243 1753 3312 magnificare
1791 3241 2011 3294 videant
2058 3242 2256 3296 intelli-

683 3348 943 3407 gantque.

754 3620 850 3674 IX.
887 3621 1081 3689 Quzeso
1106 3638 1237 3689 ergo
1266 3636 1379 3685 vos,
1412 3636 1444 3675 ο
1487 3624 1751 3687 Armenii,
1795 3623 1885 3691 qui
1922 3637 2108 3676 revera
2145 3621 2254 3675 da:-

682 3728 903 3766 monum
932 3728 1125 3766 currus
1146 3715 1299 3775 estis,
1335 3714 1619 3782 impiorum
1652 3714 2047 3783 Acepltalornm
2092 3714 2255 3768 disci-

683 3804 794 3874 puli
827 3819 839 3854 :
873 3802 1121 3857 Christus
1150 3803 1239 3856 Dei
1266 3802 1456 3866 Filius,
1488 3804 1789 3857 mendaxue
1813 3804 2042 3866 videtur,
2070 3805 2260 3858 necne?

684 3896 836 3960 Quod
874 3895 917 3948 si
957 3895 1139 3949 dicant
1173 3909 1277 3947 non
1310 3909 1428 3948 esse
1464 3893 1813 3947 mendacem:
1842 3894 1986 3961 atqui
2011 3894 2260 3947 Christus

680 3986 796 4053 ipse
851 3984 985 4038 dixit
1031 3984 1192 4037 Petro
1244 3999 1256 4033 :
1322 3982 1398 4034 Tu
1451 3999 1502 4034 es
1562 3982 1770 4045 Petrus,
1819 3993 1867 4035 et
1918 3999 2075 4046 super
2123 3984 2258 4035 hanc

681 4086 884 4140 petram
934 4075 1210 4143 mdiﬁcabo
1260 4072 1549 4126 Ecclesium
1587 4091 1776 4134 meam,
1820 4082 1869 4125 et
1905 4082 2070 4141 porta:
2100 4075 2258 4141 inferi

683 4186 784 4221 non
837 4168 1193 4237 pra’valebunt
1224 4170 1475 4219 adversus
1518 4181 1631 4219 eam
1657 4166 1722 4228 ³³,
1773 4165 1820 4219 id
1860 4175 1964 4230 est,
2002 4164 2256 4219 haereses.

683 4259 817 4325 ριιοὶ
853 4262 1031 4328 itaque
1050 4257 1363 4325 blaspheme
1386 4257 1584 4317 dicitis,
1616 4256 1912 4310 Ecclesium
1938 4256 2258 4310 catholicam

684 4365 739 4403 et
796 4350 1146 4420 apostolicam
1198 4351 1401 4415 lapsam
1460 4348 1511 4399 in
1571 4348 1840 4411 Itaaresim,
1895 4348 2142 4411 periisse,
2197 4361 2261 4400 ac

684 4444 959 4499 Christum
1020 4442 1334 4497 mendacem
1388 4440 1599 4502 facitis,
1647 4441 1933 4505 dicentes,
1992 4439 2261 4493 Romanos

2364 3246 2859 3302 Βδελυκτόωθωσαν
2885 3244 3060 3297 ταῦτα
3093 3244 3187 3296 καὶ
3220 3244 3754 3311 ἀποστραφήτωσαν,
3782 3241 3949 3309 696w-

2364 3356 2456 3401 τες
2487 3340 2581 3391 καὶ
2611 3338 2860 3398 νοοῦντες
2887 3337 3000 3398 ὅτι,
3034 3335 3121 3388 διὰ
3150 3334 3211 3386 τὸ
3242 3330 3382 3386 εἶναι
3413 3334 3582 3403 αὐτὴν
3610 3334 3821 3400 αἵρεσιν
3851 3348 3946 3401 με·

2363 3432 2538 3499 γάλην
2564 3431 2657 3482 καὶ
2689 3427 2970 3497 βδελυρὰν,
2999 3426 3086 3480 διὰ
3111 3426 3270 3478 τοῦτο
3300 3424 3472 3488 οὕτως
3503 3424 3673 3493 αὐτὴν
3706 3423 3939 3492 μεγαλύ-

2364 3537 2545 3573 νουσιν
2576 3520 2626 3572 oi
2660 3520 3031 3589 παμπόνηροι.

2435 3610 2513 3665 Θ’.
2546 3611 2980 3681 Ἐρωτάσθωσαν
3022 3605 3115 3665 οὖν
3157 3611 3205 3662 οἱ
3242 3611 3539 3681 Ἀρμένιοι,
3587 3609 3803 3679 ἀληθῶς
3847 3609 3946 3678 ἆρ-

2369 3722 2515 3776 ματα
2559 3704 2669 3757 τῶν
2718 3704 2988 3773 δαιμόνων
3041 3703 3401 3773 ὑπάρχοντες,
3450 3705 3499 3755 οἱ
3552 3702 3794 3771 μαθηταὶ
3840 3702 3949 3752 τῶν

2366 3794 2581 3847 ἀσεόιῖιν
2616 3792 2969 3860 Ἀκεφάλωνσ
3007 3792 3066 3845 '0
3116 3794 3355 3864 Χριστὸς
3405 3794 3433 3845 6
3488 3794 3614 3855 Υἱὸς
3660 3792 3756 3845 τοῦ
3810 3790 3947 3844 Θεοῦ

2365 3887 2567 3955 ψευδής
2605 3888 2769 3946 ἐστιν,
2795 3884 2828 3955 ἢ
2863 3884 2960 3942 οὓς
2990 3884 3054 3936 EI
3086 3884 3145 3936 δέ
3180 3902 3343 3953 φασιν
3374 3885 3636 3954 Ἀψευδὴς
3658 3887 3776 3936 ἐστι
3812 3884 3943 3952 (5οϊ

2365 3982 2460 4033 καὶ
2490 3978 2653 4040 αὐτὸς
2683 3981 2711 4032 ὁ
2742 3979 2979 4047 Χριστὸς
3014 3972 3133 4029 εἶπε
3164 3977 3240 4046 τῷ
3278 3978 3491 4048 Πέτρῳ,
3532 3979 3613 4030 ὅτι
3645 3979 3731 4031 Σὺ
3758 3973 3811 4031 εἶ
3842 3978 3951 4031 Πέ-

2365 4089 2525 4140 τρος.
2573 4070 2670 4123 καὶ
2712 4069 2810 4122 ἐπὶ
2852 4071 3038 4137 ταύτῃ
3078 4069 3153 4137 τῇ
3192 4069 3377 4139 πέτρᾳ
3417 4069 3794 4137 οἰκοδομήσω
3831 4088 3951 4138 μου

2366 4164 2482 4229 τὴν
2515 4162 2911 4228 Ἐκκλησίαν,
2956 4161 3058 4215 καὶ
3104 4163 3293 4215 πύλαι
3342 4161 3490 4228 ᾅδου
3536 4164 3609 4215 οὐ
3658 4164 3946 4231 κατισχὺ-

2367 4270 2593 4309 σουσιν
2630 4254 2855 4321 αὐτ-ἧς’
2899 4254 3179 4306 τουτέστιν
3218 4255 3273 4306 αἱ
3312 4254 3590 4325 αἱρέσεις’
3633 4254 3752 4315 πῶς
3793 4256 3951 4323 ὑμεῖς

2369 4348 2774 4419 βλασφημεῖτε,
2816 4348 2899 4398 ὅτι
2936 4350 2970 4416 ἡ
3015 4347 3278 4417 καθολικὴ
3324 4349 3419 4400 καὶ
3460 4350 3795 4414 ἀποστολικὴ
3831 4350 3949 4403 Ἐκ-

2367 4439 2565 4509 κλησία
2600 4440 2680 4499 είς
2711 4439 2926 4509 αἰρεσιν
2958 4438 3069 4509 (5f)
3102 4438 3397 4507 πέμπουσα
3432 4439 3703 4502 ἀπώλετο,
3734 4442 3833 4494 καὶ
3860 4443 3948 4495 τὸν

683 4551 875 4589 omnes
938 4534 990 4588 in
1050 4534 1323 4589 interitmu
1385 4532 1501 4591 ire.
1554 4545 1758 4599 vosque
1809 4532 1953 4584 solos
2001 4528 2258 4595 consequi

2367 4532 2601 4603 Χριστὸν
2638 4531 2883 4600 ψεύστην
2923 4532 3165 4584 δείκνυτε
3209 4531 3481 4599 λέγοντες,
3522 4534 3605 4585 ὅτι
3647 4534 3860 4598 Πάντες
3899 4534 3947 4586 oi

683 4627 951 4681 salutem?
1017 4624 1296 4690 Quomodo
1367 4622 1653 4684 Christus,
1738 4637 1803 4675 ne
1867 4631 1926 4673 ut
1994 4620 2258 4687 Propheta

683 4717 901 4783 quidem
937 4730 1094 4768 verax
1146 4713 1266 4777 fuit,
1299 4713 1389 4767 sed
1422 4712 1679 4765 mentitus
1703 4752 1719 4777 ,
1749 4708 2047 4763 Ecclesiam
2100 4724 2254 4763 suam

683 4808 1033 4879 apostolicam
1086 4806 1137 4858 in
1172 4805 1418 4858 hmresitn
1452 4803 1655 4872 prolabi
1696 4801 1935 4870 reliquit,
1967 4815 2127 4869 quam
2164 4813 2261 4866 per

685 4905 906 4958 Petrum
947 4912 1000 4957 et
1028 4898 1252 4953 Paulum
1285 4912 1349 4950 ac
1400 4895 1663 4951 Joannem
1719 4894 2072 4963 Theologum,
2132 4894 2259 4947 reli-

684 5009 931 5064 quosque
962 4991 1234 5062 apostolos
1292 5004 1420 5043 suos
1473 4976 1753 5041 fundatam
1780 4985 2110 5039 mdiﬁcavit?
2139 5001 2259 5039 om-

685 5104 892 5158 nesque
958 5084 1271 5154 pontifices,
1333 5095 1713 5143 successores,
1785 5094 1846 5131 ac
1902 5077 2261 5143 confessores,

686 5180 1043 5250 discipulique
1102 5177 1243 5230 Petri
1281 5186 1333 5228 et
1375 5173 1547 5237 Pauli,
1587 5171 1812 5225 Joannis
1864 5171 2114 5240 theologi,
2151 5173 2261 5222 Au-

686 5278 851 5334 dreae,
883 5272 1137 5341 Philippi,
1170 5280 1481 5324 sanctorum
1521 5266 1886 5335 apostolorum
1910 5306 1925 5325 ,
1962 5263 2139 5323 Luem.
2196 5280 2258 5318 ac

686 5365 947 5429 Matthaai,
981 5371 1035 5415 et
1064 5362 1234 5415 Marci
1260 5359 1709 5429 evangelismrum
1732 5400 1746 5423 ,
1778 5369 1840 5409 ac
1870 5355 2052 5409 Jacobi
2078 5356 2259 5411 fratris

689 5458 921 5520 Domini,
945 5449 1178 5509 haeretiCi
1210 5453 1337 5508 facti
1367 5454 1417 5505 iu
1456 5451 1649 5504 malam
1678 5464 1786 5504 rem
1814 5449 2034 5513 abeunt,
2064 5462 2257 5519 nempe

758 5620 802 5649 ³³
823 5616 1007 5671 Matth.
1040 5631 1173 5679 xm,
1203 5616 1287 5677 16,

761 5753 873 5811 (48)
911 5753 1049 5819 Lege
1080 5751 1497 5815 νηστεύσαντες,
1533 5765 1624 5804 seu
1670 5746 2049 5817 νηστεύοντες.

759 5825 871 5895 (50)
901 5822 1039 5894 Lege
1068 5825 1175 5874 ναξ.

2378 4625 2640 4693 Ῥωμαῖοι
2676 4627 2755 4686 είς
2790 4624 3070 4696 ἀπώλειαν
3108 4624 3464 4693 ἀπέρχονται,
3501 4627 3662 4694 ἡμεῖς
3700 4628 3757 4680 δέ
3796 4629 3946 4697 μόνοι

2365 4714 2691 4782 σωζόμεοα;
2723 4715 2845 4776 Πῶς
2876 4714 2931 4767 δὲ
2958 4717 2986 4767 ὁ
3018 4716 3285 4785 Χριστὸς,
3317 4715 3439 4767 οὔτε
3470 4716 3575 4768 κᾶν
3601 4720 3628 4769 6
3660 4722 3946 4789 φροφήτης

2363 4806 2689 4877 ἠλήθευσεν,
2718 4806 2857 4860 ἀλλά
2885 4791 3131 4877 ψεύστης
3162 4807 3424 4875 γεγονὼς,
3455 4810 3552 4880 τὴν
3582 4811 3781 4864 ἑαυτοῦ
3816 4815 3944 4866 ἀπο-

2367 4898 2621 4969 στολικὴν
2654 4899 2983 4969 Ἐκκλησίαν
3022 4902 3102 4962 είς
3142 4902 3355 4971 αἵρεσιν
3397 4903 3587 4954 πεσεῖν
3629 4903 3944 4969 κατέλιπεν,

2366 4992 2432 5060 ἣν
2463 4990 2552 5043 διὰ
2590 4991 2793 5060 Πέτρου
2831 4993 2923 5045 καὶ
2960 4991 3203 5056 Παύλου,
3229 4993 3325 5045 καὶ
3362 4992 3607 5048 Ἰωάννου
3638 4996 3735 5048 τοῦ
3754 4996 3944 5051 Θεολό-

2368 5100 2464 5149 γου
2487 5122 2500 5143 ,
2535 5085 2627 5135 καὶ
2657 5083 2766 5136 τῶν
2795 5083 3001 5137 λοιπῶν
3030 5084 3195 5137 αὑτοῦ
3227 5085 3574 5148 ἀποστόλων,
3610 5086 3944 5156 θεμελιώσας

2367 5174 2756 5243 ἀνῳκοδόμησε
2780 5190 2795 5205 ο
2841 5175 2935 5227 καὶ
2978 5177 3180 5237 πάντες
3216 5177 3265 5227 ol
3304 5175 3583 5246 ἀρχιερεῖς
3623 5179 3670 5229 οἱ
3712 5178 3943 5248 διάδοχοι

2365 5265 2459 5318 καὶ
2494 5264 2772 5333 σύνθρονοι
2807 5269 2902 5319 καὶ
2940 5266 3181 5338 μαθηταὶ
3216 5268 3423 5336 Πέτρου
3458 5270 3553 5321 καὶ
3584 5269 3825 5331 Παύλου,
3858 5270 3945 5323 καὶ

2376 5356 2625 5408 Ἰωάννου
2652 5357 2747 5409 τοῦ
2779 5357 3066 5422 θεολόγου,
3094 5358 3187 5410 καὶ
3217 5358 3492 5428 Ἀνδρέου,
3526 5359 3619 5411 καὶ
3651 5360 3941 5423 Φιλίππου,

2361 5452 2469 5503 sint
2511 5450 2682 5517 ἁγίων
2727 5450 3076 5502 ἀποστόλων·
3129 5452 3312 5505 Ληουκᾶ
3353 5452 3445 5503 καὶ
3488 5450 3808 5518 Ματθαίου,
3854 5450 3955 5539 καὶν

2440 5746 2552 5817 (5|)
2589 5746 2750 5804 Forte
2781 5746 3044 5801 πεσοῦσα.
