4194 6444
196 387 333 448 1205

1263 394 1547 452 ORATIO
1595 393 1609 449 l
1658 393 1953 452 CONTRA
1997 394 2411 454 .\R.\1EN'105.

3329 386 3463 450 1905

190 500 419 566 Mirr/.51.
457 500 565 551 τῶν
599 500 1003 570 εἰαγγελιστῶν
1025 544 1037 565 ,
1075 504 1167 557 καὶ
1202 506 1461 558 Ἰακώϐου
1497 504 1589 557 τοῦ
1628 506 1780 559 ὀδελ-

1899 506 2116 558 Romani
2154 507 2314 559 totius
2335 503 2574 559 Orientis
2597 518 2658 558 ac
2680 501 3013 565 Occidentis,
3037 499 3248 571 cognati
3276 514 3463 554 omnes

192 589 426 655 φοθέου,
460 594 728 660 αἱρετικοὶ
769 596 1054 665 γενόμενοι
1092 598 1170 659 είς
1205 596 1484 648 ἀπώλειαν
1518 598 1786 665 ἀπέρχονο

188 701 317 747 ται,
353 687 549 749 οἵτινές
592 690 731 742 εἰσιν
765 691 814 741 oi
851 692 1113 759 Ῥωμαῖοι
1140 707 1152 720 ·
1192 691 1335 743 οἵτε
1368 694 1463 758 τῆς
1500 691 1786 756 ’Λνατολῆς

191 776 289 827 καὶ
330 777 430 846 τῆς
476 778 694 843 Δύσεωζ
743 781 943 850 πάσης.
990 783 1039 833 οἱ
1091 786 1377 848 συγγενεῖς
1430 782 1630 842 πάντες
1678 782 1787 831 τῶν

191 868 367 934 ἁγίων
393 872 692 941 μαρτύρων
720 876 812 926 καὶ
843 875 1009 927 ὁσίων
1034 892 1045 903 ·
1075 879 1123 927 οἱ
1151 875 1208 927 δὲ
1240 875 1484 945 μαθηταὶ
1514 873 1786 942 Εὑτυχοὶς

1890 609 2184 666 martyrum
2220 611 2283 648 ac
2320 608 2673 660 sanctorum;
2728 594 3043 666 Eutychetis
3086 603 3264 647 autem
3299 592 3461 645 disci-

1840 730 1843 731 ν
1887 690 1992 759 puli
2032 700 2085 742 et
2133 690 2395 752 Dioscori,
2440 688 2709 742 Timothei
2766 686 2965 749 rEluri,
3012 685 3153 739 Petri
3199 684 3461 744 Fullonis,

1886 797 1947 835 ac
1977 780 2202 845 Juliani,
2236 782 2386 849 impii
2419 797 2481 835 ac
2507 782 2719 850 profani
2748 778 3012 844 Armenii,
3047 787 3107 831 ut
3136 792 3231 831 vos
3261 776 3462 829 Christi

1884 874 2182 927 adversarii
2228 872 2526 941 nugamini,
2577 871 2902 924 salvantur?

191 964 287 1015 καὶ
320 966 613 1034 Διοσκόρω
635 1008 648 1027 ,
683 968 953 1037 Τιμοθέου
985 969 1081 1022 τοῦ
1112 969 1376 1038 Ᾱίλοὺρου
1398 1011 1411 1035 ,
1444 970 1539 1022 καὶ
1571 967 1780 1037 Πέτρου
1823 968 1916 1020 τοὺ
1952 969 2251 1036 Κναφέως,
2286 969 2379 1020 καὶ
2417 966 2707 1019 Ἰουλιανοῦ
2730 1009 2743 1030 ,
2776 969 2824 1020 oi
2856 965 3079 1026 ἀσεϐεῖς
3120 966 3217 1017 καὶ
3256 961 3462 1015 ἀνόσιοι

203 1059 483 1127 Ἀρμένιοι
513 1059 799 1125 σώζονται,
827 1062 901 1124 ὡς
929 1062 1086 1131 ὑμεῖς
1112 1065 1162 1115 oi
1191 1064 1551 1133 χριστομάχοι
1580 1062 1873 1130 φλυαρείτε
1896 1078 1910 1123 ;

261 1146 321 1201 1'.
365 1149 427 1202 ΕΞ
462 1148 554 1201 οὖν
583 1151 610 1200 ό
638 1150 769 1213 Θεὸς
797 1154 907 1213 τοῖς
943 1153 1319 1222 ὑπερηφάνοις
1352 1152 1776 1213 ἀντιτάσσεται,

190 1244 472 1316 ταπεινοῖς
503 1242 559 1295 δὲ
588 1243 770 1295 δίδωσι
804 1244 963 1313 χάριν
982 1261 995 1273 ·
1028 1245 1147 1307 πῶς
1172 1244 1271 1315 τὴν
1299 1244 1496 1299 ἑαυτοῦ
1529 1244 1685 1314 χάριν
1716 1245 1779 1294 ὲκ

189 1336 303 1386 τῶν
333 1337 610 1411 ταπεινῶν
642 1341 706 1408 τῇ
746 1339 944 1408 καρδίᾳ
978 1340 1299 1408 Ῥωμαίων,
1334 1340 1427 1392 καὶ
1461 1338 1681 1406 πραέων
1711 1338 1776 1407 τῇ

190 1430 340 1498 ψυχῇ
378 1431 672 1497 ἀφείλατο,
709 1432 803 1501 τὴν
835 1432 1045 1484 τελείαν
1077 1432 1408 1497 θεογνωσίαν
1440 1432 1533 1483 καὶ
1565 1420 1778 1501 ὀρθοδο-

194 1522 313 1583 ξίαν
342 1538 354 1551 ο
388 1522 588 1575 δέδωκε
617 1523 671 1575 δὲ
702 1524 801 1592 τὴν
831 1524 1025 1577 ἑαυτοῦ
1056 1525 1215 1593 χάριν
1242 1524 1336 1575 καὶ
1364 1523 1643 1576 εὐσέϐειαν
1670 1524 1778 1583 τοῖς

196 1615 332 1683 σκλη
346 1617 701 1685 ροτραχήλοις
740 1621 823 1669 καί
859 1618 1096 1685 ἀπηνέσι
1126 1616 1224 1686 τὴν
1252 1616 1453 1686 ψυχὴν,
1487 1617 1579 1668 καὶ
1611 1617 1781 1681 ὑπερ-

191 1708 425 1774 ηφάνοις
451 1711 515 1776 τῇ
547 1708 743 1779 καρδίᾳ
772 1709 1079 1777 Ἀρμενίοις
1100 1726 1112 1773 ;
1136 1709 1259 1760 Ὅτι
1288 1710 1396 1778 γὰρ
1426 1706 1577 1775 παρᾶ
1604 1705 1781 1758 πάντα

194 1802 260 1852 τὰ
301 1800 431 1870 ἔθνη
478 1801 828 1871 σκληρότεροι
876 1802 968 1853 καὶ
1014 1803 1380 1871 ὑπερήφανοι,
1419 1798 1689 1863 κενόδοξοί
1722 1815 1780 1849 τε

199 1892 291 1944 καὶ
337 1893 503 1961 ὼμοδ,
553 1893 646 1946 καὶ
693 1895 923 1963 ἀπηκεῖς
970 1895 1331 1965 ὑπάρχουσιν,
1381 1893 1521 1946 αὐτὰ
1569 1892 1667 1962 βοᾷ
1714 1891 1783 1943 τὰ

1960 1149 2026 1202 Χ.
2061 1150 2338 1217 Siquidem
2372 1165 2497 1218 ergo
2533 1150 2668 1203 Deus
2719 1151 2953 1217 superbis
2996 1151 3215 1214 resistit,
3247 1150 3466 1203 lmmili-

1888 1245 1980 1295 lius
2014 1254 2185 1296 autem
2229 1244 2320 1294 dnt
2358 1245 2581 1310 gratiam
2605 1243 2649 1279 ³³
2675 1284 2689 1308 ,
2714 1243 2935 1311 quinam
2973 1244 3016 1296 is
3048 1257 3197 1295 suam
3229 1247 3460 1311 gratiam

1887 1337 1954 1388 ab
1986 1337 2278 1388 humilibus
2321 1335 2486 1388 corde
2533 1335 2813 1399 Romanis,
2868 1350 2931 1388 ac
2981 1335 3204 1389 mitibus
3255 1339 3461 1399 animo,

1887 1428 2168 1490 aulerens,
2230 1442 2422 1496 netnpe
2484 1427 2565 1480 sui
2630 1429 2924 1494 perfectam
2977 1428 3341 1497 cognitionem
3402 1446 3466 1483 ac

1891 1530 2091 1571 rectam
2148 1519 2304 1573 ﬁdem
2335 1560 2348 1581 ,
2400 1519 2628 1589 gratiam
2682 1534 2831 1589 suam
2883 1537 2945 1575 ac
2990 1523 3245 1589 pietatem
3295 1524 3461 1583 dedit,

1890 1612 2022 1664 dura
2075 1613 2306 1670 cervice.
2366 1627 2427 1665 ac
2470 1612 2769 1666 immitibus
2825 1614 3051 1675 animo,
3109 1623 3163 1666 et
3221 1615 3466 1683 superbis

1892 1704 2053 1757 corde
2084 1702 2403 1756 Armeniis?
2451 1701 2603 1768 Quod
2659 1704 2802 1755 enim
2848 1718 3008 1771 supra
3059 1719 3247 1758 omnes
3282 1714 3469 1771 gentes

1892 1794 2141 1845 duriores
2174 1792 2301 1855 sint,
2358 1800 2517 1862 atque
2549 1794 2812 1860 superbi,
2870 1794 3048 1847 inanis
3102 1795 3229 1848 item
3283 1795 3469 1862 glorim

1892 1885 2096 1953 cupidi,
2156 1885 2415 1952 saevique,
2466 1899 2529 1938 ac
2590 1884 2859 1948 immites,
2918 1901 3004 1940 res
3056 1887 3187 1954 ipsa:
3230 1886 3471 1954 quotidie

202 1986 504 2054 πράγματα
547 1985 668 2038 καθ’
692 1986 931 2054 ἑκάστην
966 1987 1205 2055 ἡμέραν,
1243 1985 1338 2039 καί
1378 1986 1427 2037 οἱ
1470 1984 1608 2037 λίθοι
1653 1985 1789 2052 μετᾶ

1899 1988 2146 2048 rlamnnt,
2182 2001 2246 2040 ac
2274 1986 2478 2053 lapides
2507 2002 2629 2040 cum
2679 1988 2933 2044 omnibus
2977 1990 3228 2057 gentibus
3270 1993 3471 2045 clama-

199 2077 421 2129 πάντων
446 2077 555 2129 τῶν
581 2078 751 2130 ἐθνῶν
782 2075 1139 2145 κεκράξονται
1163 2093 1175 2106 '
1206 2078 1265 2128 ἐν
1293 2076 1467 2128 οὑδενὶ
1499 2076 1605 2145 γάρ
1635 2074 1776 2127 ἔθνει

200 2169 372 2238 ἑτέρῳ
402 2168 547 2222 ἐστιν
580 2168 709 2220 ἰδεῖν
736 2168 1028 2232 τοσούτους
1056 2170 1248 2237 φόνους
1280 2169 1373 2223 καὶ
1405 2169 1655 2239 συχνοὺς,
1688 2168 1779 2220 ἁν-

200 2260 508 2331 δροφονίας,
544 2262 786 2331 μοιχείας
817 2263 909 2315 καὶ
939 2262 1185 2330 κλεψίας,
1216 2262 1569 2333 λῃσταρχίας,
1600 2261 1780 2330 ἁρπα-

200 2354 323 2420 γὰς,
376 2354 723 2424 μεθύσματα,
774 2354 1085 2423 προδοσίας,
1138 2354 1447 2423 ἐπιορκίας,
1500 2352 1779 2421 ἀρνήσεις,

204 2448 575 2520 βλασφημίας,
618 2448 907 2519 λοιδορίας,
955 2448 1345 2515 συκοφαντίας,
1392 2448 1512 2500 κατ’
1540 2448 1783 2517 ἀλλήλων

202 2544 639 2613 αἱματεκχυσίας
685 2544 954 2612 διηνεκεῖς
1001 2546 1096 2597 κα¹ι
1143 2543 1456 2604 ἀπαύστους
1485 2558 1496 2569 ·
1542 2542 1782 2611 δαρμοὺς

202 2637 453 2708 ἀνηλεεῖς
499 2637 592 2689 καὶ
655 2636 1079 2699 θανατοποιοὺς,
1142 2638 1455 2706 δικάσματα
1498 2635 1781 2699 ἄπαυστα,

204 2729 649 2800 γαστριμαργίας
679 2732 974 2801 ἀμέτρους,
1006 2730 1276 2785 ἀσωτείαν
1309 2729 1784 2799 ὑπερϐάλλουσαν,

206 2826 575 2890 ἀνυποταξίαν
602 2867 617 2889 ,
675 2824 985 2890 κενοδοξίαν
1009 2867 1023 2891 ,
1074 2823 1458 2893 ὑπερηφανίαν
1507 2825 1747 2893 ἄμετρον
1773 2866 1785 2885 ,

206 2920 297 2971 καὶ
328 2918 518 2980 ἁπλῶς
548 2920 728 2970 πᾶσαν
760 2918 963 2970 κακίαν
991 2918 1085 2969 καὶ
1118 2919 1404 2987 πονηρίαν,
1436 2917 1791 2991 ἀνθρωπαρέ-

210 3026 397 3062 σκειαν
426 3009 520 3062 καὶ⁵
549 3011 841 3081 ὑπόκρισιν
866 3027 880 3041 ’
906 3011 954 3063 εί
989 3010 1127 3079 μετά
1152 3010 1263 3079 (52)
1294 3012 1349 3063 ἐν
1376 3010 1522 3081 μόνῳ
1546 3010 1622 3079 τῷ
1650 3010 1791 3064 ἔθνει

209 3101 315 3152 τῶν
357 3100 696 3170 Ἀρμενίων,
746 3100 836 3162 οὓς
884 3102 912 3152 ὁ
957 3101 1090 3165 Θεὸς
1135 3101 1223 3152 διά
1264 3100 1364 3171 τὴν
1410 3101 1794 3171 ὑπερηφανίαν

208 3191 390 3245 αὑτῶν
424 3192 519 3243 καὶ
553 3191 872 3253 ἀλαζονείαν
903 3191 1056 3243 ἔθετο
1087 3193 1166 3254 είς
1198 3193 1368 3254 κακὰ,
1401 3193 1497 3244 καὶ
1535 3192 1793 3246 Κατέϐαο

1886 2078 1987 2129 turi
2020 2086 2164 2129 sunt.
2201 2075 2354 2127 Nulla
2389 2076 2587 2144 quippe
2638 2092 2769 2145 gens
2823 2079 2926 2130 alia
2966 2088 3068 2140 est.
3122 2081 3173 2133 in
3226 2095 3331 2149 qua
3387 2089 3467 2133 tot

1883 2167 2057 2219 (velles
2090 2180 2153 2218 ac
2197 2165 2486 2218 homicidia
2525 2166 2708 2220 videre
2743 2166 2848 2230 sit;
2877 2169 3142 2223 adulteria
3191 2184 3254 2225 ac
3300 2172 3469 2233 l'urta;

1886 2255 2194 2320 latrocinia,
2247 2257 2489 2325 rapinas.
2548 2256 2863 2321 ebrietates,
2923 2260 3298 2329 proditiones,
3352 2275 3476 2329 per-

1885 2350 2058 2417 iuria,
2102 2352 2443 2421 negationes,
2492 2350 2863 2421 hlasphemias
2890 2394 2905 2417 ,
2949 2352 3220 2417 convicia,
3265 2353 3475 2407 calum-

1888 2443 2024 2504 nias,
2074 2444 2230 2516 jnges
2274 2459 2337 2499 ac
2385 2443 2672 2499 continuas
2723 2452 2906 2498 mutua
2959 2445 3105 2500 ctede
3149 2446 3473 2515 sanguinum

1886 2536 2216 2602 en‘tisinnes;
2256 2538 2507 2591 crudeles
2532 2554 2593 2591 ac
2626 2537 2883 2593 mortales
2916 2538 3117 2608 plagas,
3163 2538 3286 2593 lites
3334 2539 3478 2595 assi-

1888 2630 2053 2694 duas;
2097 2628 2415 2683 immensam
2464 2630 2838 2694 voracitatem,
2893 2640 3313 2700 exsuperantem
3348 2647 3476 2702 pro-

1892 2721 2224 2789 digalitatem
2249 2736 2312 2776 ac
2337 2722 2821 2790 incontinentiam;
2850 2722 3227 2789 rebellionem,
3260 2724 3477 2779 inanem

1894 2813 2141 2881 gloriam,
2172 2799 2483 2883 superbiam
2515 2816 2837 2870 immensam
2865 2831 2881 2871 :
2906 2830 3233 2885 omnemque
3256 2830 3481 2886 prorsus

1898 2908 2247 2965 vitiositatem
2323 2923 2395 2963 ac
2443 2907 2781 2975 nequitiam,
2842 2909 3354 2979 adulationemque,
3417 2924 3481 2961 ac

1896 3012 2326 3075 simulationem,
2362 3011 2439 3065 uti
2503 3011 2554 3064 in
2624 3024 2729 3063 una
2794 3010 3041 3065 videmus
3094 3010 3477 3064 Armeniorum

1897 3105 2137 3166 natione,
2190 3117 2327 3172 quos
2382 3102 2519 3154 Deus
2574 3113 2795 3171 propter
2830 3116 3017 3155 eorum
3072 3102 3381 3169 superbiam
3416 3116 3477 3154 ac

1899 3196 2286 3261 arrogantiam,
2341 3194 2395 3248 in
2447 3194 2589 3247 mala
2653 3195 2830 3259 posuit
2881 3193 3235 3263 :Dejecitque
3280 3211 3369 3247 eos
3423 3194 3477 3246 in.

206 3288 314 3337 ,ιεν
342 3283 569 3347 αὐτοὺς
599 3287 679 3349 εἰς
718 3283 913 3336 πάντα
943 3283 1015 3336 τὰ
1045 3282 1193 3351 ἔθνη
1220 3284 1289 3335 ἐν
1316 3281 1395 3347 τῷ
1425 3283 1792 3350 ἐπαρθῆναι,

1900 3286 2140 3338 ontnibus
2174 3286 2411 3355 gentibus
2444 3286 2568 3337 dum
2600 3284 2997 3349 extollerentur,
3045 3303 3107 3338 ac
3142 3287 3391 3353 dispersit
3412 3285 3479 3349 ³⁸,

210 3383 299 3433 καὶ
338 3379 725 3449 διεσκόρπισεν
765 3378 964 3441 αὑτοὺς
1009 3370 1149 3431 εἶναι
1194 3377 1499 3447 παροίκους
1538 3378 1631 3430 καὶ
1674 3376 1796 3430 δοὺ-

1903 3388 1960 3431 nt
1992 3387 2177 3432 essent
2203 3377 2389 3432 incohe
2414 3393 2477 3431 ac
2496 3379 2634 3430 servi
2669 3378 2908 3431 omnium
2946 3379 3249 3440 nationum,
3287 3394 3479 3448 quem-

209 3472 331 3533 λους
372 3470 575 3535 αὑτῶν,
614 3471 837 3522 πάντων
868 3469 978 3522 τῶν
1018 3469 1208 3532 ἐθνῶν,
1252 3469 1504 3540 καθάπερ
1548 3471 1640 3523 καὶ
1675 3470 1799 3532 τοὺς

208 3566 428 3631 ὁμοίους
457 3563 637 3616 αὑτῶν
663 3562 1179 3632 σκληροτραχήλους
1205 3562 1299 3613 καὶ
1329 3561 1655 3631 παραϐάτας
1678 3560 1801 3613 Ἰουο

216 3655 420 3717 δαίους.
473 3654 585 3705 Kal
625 3654 725 3705 οὑκ
767 3652 884 3704 ἔστι
924 3652 1150 3705 δυνατὸν
1195 3653 1377 3722 εὑρεῖν
1419 3652 1605 3721 ἕτερον
1651 3651 1802 3714 ἔθνος

218 3748 480 3800 ὑποκάτω
512 3748 731 3798 πάντων
759 3745 868 3799 τῶν
897 3745 1090 3809 ἐθνῶν,
1120 3747 1216 3799 καὶ
1244 3744 1667 3815 ὲξουθενημὲνον
1697 3743 1802 3797 ὑπὸ

214 3842 436 3893 πάντων
478 3840 569 3891 καὶ
618 3840 926 3908 βδελυκτδν,
972 3841 1021 3891 εί
1072 3839 1144 3909 μὴ
1194 3840 1355 3908 μόνον
1398 3838 1459 3891 τὸ
1504 3838 1656 3902 ἔθνος
1696 3837 1805 3890 τῶν

214 3932 432 3985 ἀσεϐῶν
462 3931 765 4001 Ἀρμενίων
796 3933 889 3984 καὶ
924 3932 1193 3984 Ἰουδαίων
1218 3948 1233 3962 ο
1263 3930 1339 3993 ὡς
1373 3930 1464 3984 καί
1497 3947 1581 3994 τις
1614 3931 1673 3996 ἐξ
1706 3930 1807 3984 αὑο

215 4028 325 4079 τῶν
369 4025 613 4093 γεγονὼς
647 4025 943 4095 Ἀρμενίας
989 4025 1310 4087 ἐπίσκοπος,
1360 4025 1643 4094 Νορσέσης
1692 4024 1805 4077 όνό-

219 4134 375 4186 ματι,
404 4116 703 4186 ἐγγράφως
735 4117 1027 4185 μαρτυρεῖ,
1054 4116 1259 4183 λέγων’
1288 4116 1359 4169 Ἦ
1386 4116 1645 4183 ἡμετέρα
1673 4116 1804 4187 γὰρ,

216 4210 355 4279 φησὶ
378 4254 390 4271 ,
443 4206 623 4277 γενεὰ
671 4208 790 4261 τῶν
860 4207 1203 4278 Ἀρμενίων,
1262 4207 1658 4276 ’ὑπερήφανος
1706 4207 1803 4261 καί

216 4304 470 4370 ἀσεϐής.

292 4393 393 4449 IA'.
426 4395 491 4449 Εῑ
521 4391 614 4447 οὖν
658 4394 811 4464 παρᾶ
845 4393 1023 4447 πάντα
1056 4393 1120 4445 τὰ
1143 4391 1294 4462 -εθνη
1331 4393 1677 4461 ὑπερήφανοι
1708 4394 1801 4447 καὶ

221 4488 699 4559 σκληροτράχηλοι
746 4488 842 4542 καὶ
874 4487 1296 4558 καρδιόστερροι
1338 4485 1460 4539 καθ’
1493 4486 1803 4556 ὑπερϐολὴν

221 4581 535 4651 ὑπάρχουσι
556 4596 570 4611 ο
607 4580 720 4643 πῶς
750 4579 848 4649 τὴν
873 4579 1069 4633 ἑαυτοῦ
1102 4580 1281 4652 χάριν,
1310 4581 1403 4632 καὶ
1428 4580 1711 4634 εὐσέϐειαν
1743 4581 1805 4633 ὲκ

1903 3472 2191 3525 admodum
2271 3472 2335 3525 iis
2417 3471 2624 3525 similes
2673 3470 2811 3524 dura
2861 3471 3117 3533 cervice.
3182 3486 3245 3526 ac
3309 3483 3487 3526 trans-

1902 3580 2176 3633 gressores
2205 3563 2420 3619 Judmos
2446 3580 2460 3629 ;
2490 3578 2588 3618 nec
2624 3572 2708 3618 est
2742 3564 2985 3618 invenire
3020 3566 3294 3619 nationem
3323 3565 3483 3619 aliam

1903 3658 1983 3708 sic
2022 3657 2278 3711 Omnibus
2313 3656 2627 3709 nationibus
2659 3654 2981 3724 sulijectam,
3014 3666 3177 3722 atque
3218 3656 3489 3709 universis

1904 3747 2285 3815 despicabilem
2336 3760 2400 3799 ac
2451 3746 2868 3813 exsecrabilem,
2913 3748 2988 3800 uti
3041 3748 3329 3817 impiorum
3389 3748 3490 3801 Ar-

1907 3836 2205 3890 meniorum
2234 3851 2297 3889 ac
2329 3834 2641 3890 Iudaeorum
2666 3838 2939 3892 nationem
2967 3856 2984 3904 ;
3030 3841 3487 3907 quemadmodum

1906 3927 2068 3978 etiam
2127 3926 2248 3993 quis
2300 3941 2365 3979 ex
2420 3926 2546 3990 illis,
2596 3928 2685 3997 qui
2743 3927 3018 3985 Armenia:
3046 3931 3331 4001 episcOpus
3364 3932 3488 3998 l'nit,

1906 4016 2167 4072 Norseses
2207 4018 2445 4080 nomine,
2480 4019 2685 4085 scripto
2721 4028 2976 4083 testatur,
3020 4023 3210 4078 dicens
3244 4042 3254 4075 :
3295 4042 3314 4075 ι
3345 4022 3491 4079 Gens

1909 4119 2115 4173 nostra,
2177 4108 2375 4179 inquit,
2425 4110 2811 4165 Armeniorum
2872 4112 3105 4183 superba
3153 4122 3276 4178 est,
3330 4123 3492 4183 atque

1911 4216 2092 4270 impia.
2136 4219 2153 4251 ι

1979 4398 2073 4455 XI.
2101 4399 2382 4470 Siquidem
2407 4401 2571 4471 igitur
2598 4416 2757 4469 supra
2785 4404 3035 4459 nationes
3061 4418 3251 4460 omnes
3275 4406 3497 4473 superbi

1907 4504 2056 4560 sunt,
2094 4508 2155 4547 ac
2196 4496 2330 4548 dura
2361 4494 2592 4559 cervice,
2623 4493 2893 4563 cordeque
2920 4495 3247 4549 immensum
3282 4494 3497 4560 ferreo;

1909 4586 2128 4653 quinam
2162 4600 2314 4638 suam
2381 4585 2519 4639 Deus
2553 4585 2783 4651 gratiam
2826 4600 2889 4639 ac
2921 4585 3175 4654 pietatem
3208 4601 3235 4638 a
3268 4588 3499 4641 mitissi-

220 4674 332 4726 τῶν
364 4672 693 4744 πραοτάτων
739 4674 838 4727 καὶ
880 4674 1155 4727 ταπεινῶν
1188 4676 1254 4743 τῇ
1286 4673 1487 4742 καρδίᾳ
1519 4672 1796 4741 Ῥωμαίωπ.

1916 4675 2019 4731 mis
2064 4690 2124 4729 ac
2176 4674 2470 4728 humilibus
2524 4674 2686 4728 corde
2741 4672 3000 4728 Romanis
3051 4678 3308 4743 abstulit;
3357 4677 3498 4745 apud

222 4768 525 4836 ἁφείλατος
556 4766 696 4836 Παρ’
719 4762 801 4830 οἷς
842 4766 913 4819 τὰ
956 4766 1186 4835 λείψανα
1236 4766 1343 4818 τῶν
1377 4766 1542 4821 αὑτοῦ
1573 4765 1807 4820 ἀποστό-

223 4864 353 4925 λων,
386 4860 484 4913 xui.
519 4862 739 4912 πάντων
787 4859 953 4913 αὑτοῦ
989 4859 1099 4913 τῶν
1142 4860 1314 4928 ἁγίων
1353 4860 1678 4929 ὑπάρχουσι,
1711 4859 1808 4911 καὶ

226 4953 407 5005 πάντα
443 4950 623 5003 αὑτῶν
649 4949 716 5003 τὰ
772 4949 931 5019 τίμια
964 4951 1060 5002 καὶ
1100 4950 1377 5019 σεϐάσμια
1402 4967 1415 4980 ³
1455 4948 1548 5012 οὓς
1577 4950 1670 5001 καὶ
1704 4967 1808 5001 πα-

226 5045 462 5115 ραυτίκα
494 5044 571 5112 τῷ
599 5042 1169 5112 γενντ,θῆναιαὺτοὺς,
1190 5043 1420 5110 δοξάσας
1452 5042 1802 5115 ὑπερύψωσε,

223 5138 319 5189 καὶ
351 5136 531 5189 πάντα
556 5135 624 5187 τὰ
668 5134 796 5205 ἔθνη
830 5135 937 5190 ὑπὸ
979 5136 1104 5196 τοὺς
1141 5136 1308 5199 πόδας
1339 5137 1518 5189 αὑτῶν
1548 5135 1805 5200 ὑπέταξε,

222 5228 309 5281 διὰ
337 5231 436 5297 τὴν
482 5227 663 5282 αὑτῶν
693 5227 1003 5289 εὐσέϐειαν,
1037 5227 1216 5291 καθὼς
1245 5231 1272 5281 ὁ
1307 5229 1594 5299 προφήτης
1624 5229 1810 5296 λέγει·

227 5316 464 5371 Λέδωκὰ
493 5332 592 5370 σοι
617 5316 761 5383 ἔθνη
798 5314 914 5384 τὴν
944 5319 1353 5387 κληρονομίαν
1381 5335 1519 5383 σου,
1570 5320 1668 5372 καὶ
1698 5317 1813 5386 τὴν

229 5407 613 5477 κατάσχεσιν
642 5424 759 5461 σου
804 5407 875 5461 τὰ
904 5407 1129 5476 πέρατα
1166 5408 1275 5477 τῆς
1318 5408 1428 5477 γῆς
1451 5427 1464 5441 ⁸
1502 5410 1812 5479 ποιμανεῖς

229 5502 455 5567 αὐτοὺς
475 5500 544 5554 ἐν
560 5499 761 5569 ῥάϐδῳ
793 5499 1014 5569 σιδηρᾷ
1038 5519 1051 5531 ·
1086 5502 1204 5572 ἦτοι
1235 5502 1324 5555 διὰ
1352 5505 1450 5572 τῆς
1497 5503 1812 5573 Ῥωμαῖκῆς

230 5592 530 5663 βασιλείας.
595 5594 732 5656 Τοὺς
790 5594 901 5665 γὰρ
958 5594 1278 5664 ’Δρμενίους
1338 5595 1541 5665 μᾶλλον
1577 5594 1663 5648 διὰ
1710 5597 1810 5668 τὴν

304 5735 483 5793 “Jac.
518 5753 593 5803 tv,
618 5737 675 5793 6.
751 5737 796 5770 ³⁸
814 5738 957 5795 Psal.
984 5740 1201 5804 133,18.

304 5855 417 5928 (332)
445 5857 603 5912 Forte
628 5857 703 5922 ὡς
732 5859 967 5929 εῑδομιν.

1281 5743 1325 5774 ³⁸
1374 5739 1517 5795 ΡεειΙ.
1552 5756 1590 5807 ι,
1624 5741 1679 5807 8,
1712 5740 1765 5795 9.

1915 4783 2050 4837 quos
2089 4767 2327 4836 reliquiae
2379 4775 2508 4821 sunt
2550 4766 2667 4834 ejus
2719 4766 3109 4837 apostolormn,
3144 4783 3208 4822 ac
3258 4768 3499 4822 omnium

1914 4867 2248 4919 sanctorum,
2281 4872 2577 4926 eorumque
2624 4857 2857 4926 pretiosa
2903 4872 3128 4926 quaeque
3175 4873 3238 4912 ac
3268 4873 3503 4913 venera-

1915 4951 2112 5004 tionem
2168 4948 2419 5003 habentia
2457 4966 2469 5002 :
2504 4964 2640 5019 quos
2685 4949 2867 5002 statim
2919 4960 3081 5017 atque
3135 4950 3245 5002 nati
3296 4962 3499 5014 essent,

1915 5042 2220 5112 glorilicans
2270 5040 2719 5110 snperexaltavit,
2775 5055 3075 5109 omnesque
3126 5051 3340 5108 gentes,
3401 5044 3501 5097 sub

1915 5150 2100 5188 eorum
2134 5133 2376 5202 pedibus,
2425 5143 2643 5202 propter
2685 5131 2895 5185 illormn
2940 5133 3213 5201 pietatem,
3248 5134 3499 5201 subjecit,

1922 5238 1976 5280 ut
2004 5228 2076 5280 ait
2109 5225 2372 5293 PrOpbrta
2398 5242 2412 5279 :
2444 5225 2570 5277 Dedi
2601 5225 2695 5277 tibi
2732 5235 2908 5292 gentes
2939 5224 3301 5277 [nereditatem
3331 5235 3497 5289 tuam,

1915 5328 1963 5373 et
2011 5320 2387 5389 possessionem
2431 5325 2575 5368 tuam
2622 5316 2867 5368 terminos
2909 5325 3082 5368 terrm.
3128 5315 3286 5385 Reges
3321 5331 3409 5368 eos
3444 5316 3501 5368 in

1917 5414 2060 5482 virga
2106 5411 2277 5480 ferrea
2318 5409 2394 5473 ³⁶;
2434 5408 2484 5460 id
2534 5415 2636 5469 cst,
2688 5420 2782 5475 per
2830 5404 3135 5458 Romanum
3189 5405 3496 5472 imperimn.

1917 5506 2204 5558 Armenios
2236 5503 2375 5556 enim
2426 5500 2625 5569 potius,
2675 5508 2893 5567 propter
2932 5513 3116 5551 eorum
3168 5497 3495 5565 superbiam,

1924 5613 1986 5651 ac
2036 5596 2287 5651 duritiam
2335 5592 2538 5660 cordis,
2570 5600 2625 5646 et
2660 5590 2989 5660 impietatem
3034 5590 3082 5641 in
3137 5590 3293 5644 linem
3345 5591 3497 5643 dese-
