4194 6444
237 402 379 466 1209

1312 401 1599 460 ORATIO
1643 403 1667 460 Ι
1712 401 2009 462 CONTRA
2054 404 2469 467 ARMENIOS.

3367 413 3510 481 1‘210

230 515 556 588 τακρίνουσι
581 530 594 543 ”
622 515 716 568 καὶ
741 518 788 568 οἱ
813 517 874 569 τὸ
892 517 986 570 τοῦ
1013 518 1251 589 Χριστοῦ
1276 519 1612 588 Εὐαγγέλιον
1638 538 1816 592 παρα-

1924 529 2051 573 nent
2080 538 2096 574 :
2127 536 2190 575 ac
2217 524 2307 591 qni
2337 523 2541 579 Christi
2582 525 2935 595 Evangelium
2970 528 3410 584 adulteraverunt
3450 548 3516 588 ac

230 610 577 678 χαράξαντες
609 612 702 661 καὶ
747 612 1172 679 περικόψαντες,
1217 612 1343 674 τοὺς
1381 614 1440 664 τὸ
1486 614 1821 680 ίζὺαγγέλιον

231 700 545 763 ἀνελλιπὲς,
572 700 667 752 καὶ
692 702 1126 772 ἀκαινοτόμητον
1148 705 1396 773 ἔχοντας,
1416 706 1510 757 καὶ
1539 704 1822 756 πιστεῦον-

230 808 352 853 τας,
389 790 809 860 βλασφημοῦσιι
857 795 953 846 καὶ
994 798 1042 847 οἱ
1089 795 1191 865 τὴν
1237 797 1437 864 εὐσεΕῆ
1484 797 1686 852 πίστιν,
1726 798 1821 848 καὶ

232 885 562 953 παραδόσεις
617 885 725 936 τῶν
780 887 951 953 ἁγίων
1009 888 1269 957 Πατὲρων
1310 889 1682 959 ἀρνησάμενοι
1729 891 1820 940 καὶ

232 974 625 1044 ἀθετήσαντες,
656 979 783 1040 τοὺς
813 980 913 1048 τὴν
947 980 1231 1050 ὀρθοδοξον
1266 982 1450 1033 πίστιν
1484 982 1592 1032 τῶν
1624 982 1819 1049 ἁγίων,

231 1069 329 1119 καὶ
353 1066 451 1129 τάς
478 1069 811 1137 παραδῦσεις
831 1071 929 1140 τῆς
955 1072 1252 1141 καθολικῆς
1285 1075 1631 1142 Ἐκκλησίας,
1656 1077 1820 1127 ἀκαι-

231 1161 570 1229 νοτομήτους
598 1160 997 1229 φυλάττοντας,
1034 1164 1109 1227 ὠς
1158 1166 1540 1233 παραϐάντας,
1577 1167 1670 1218 καὶ
1704 1166 1822 1218 δια-

233 1254 552 1323 σύραντας·
594 1257 688 1307 καὶ
740 1257 791 1307 οἱ
832 1256 925 1308 τὸν
971 1257 1208 1327 Χριστὸν
1257 1258 1348 1309 τὸν
1398 1260 1820 1328 σεσαρκωμένον

231 1345 390 1407 Θεὶν,
422 1349 515 1398 καὶ
555 1346 763 1410 πάντας
809 1349 933 1408 τοὺς
974 1349 1169 1416 ἁγίους
1216 1349 1512 1419 θεοφόρους
1544 1352 1815 1419 Πατέραῖν

233 1438 309 1499 ὡς
355 1439 564 1491 ἐθνικοὶ
618 1441 713 1492 καὶ
757 1441 1101 1509 ἁχριστίανοι
1148 1441 1661 1510 ἀναθεματίζοντες,
1693 1444 1819 1505 τοὺς

230 1530 516 1597 τιμῶντας
547 1533 760 1594 πάντας
794 1536 921 1595 τοὺς
964 1534 1176 1597 ἁγίους,
1212 1535 1305 1586 καὶ
1338 1535 1437 1597 τὰς
1475 1537 1692 1602 μνήμας
1724 1537 1820 1586 αὑ-

232 1623 342 1675 τῶν
375 1624 757 1689 ἑορτάζοντας,
801 1627 895 1677 καὶ
932 1626 1000 1677 τά
1029 1625 1281 1694 δόγματα
1318 1627 1500 1680 αὐτῶν
1531 1630 1815 1680 πιστεύον-

230 1730 353 1774 τας,
390 1717 485 1766 καὶ
509 1715 606 1777 τὰς
642 1716 859 1777 εἰκόνας
892 1716 1071 1769 αὐτῶν
1097 1718 1538 1785 ἀσπαζομένους,
1569 1718 1643 1780 ὠς
1677 1719 1817 1770 ἐθνι-

233 1805 364 1867 κοῦς
394 1806 487 1859 καὶ
522 1805 813 1868 ἀπίστους,
847 1806 935 1859 διὰ
958 1806 1053 1859 τοῦ
1083 1808 1306 1876 μιαροῦ,
1333 1809 1427 1861 καὶ
1452 1807 1703 1878 βεϐήλου,
1726 1810 1819 1861 καὶ

231 1897 574 1968 ἀκαθάρτου,
621 1902 716 1952 καὶ
767 1898 1084 1967 βδελυκτοῦ,
1118 1902 1213 1953 καὶ
1250 1902 1689 1970 μεμολυσμένου,
1725 1903 1818 1954 καὶ

233 1988 639 2058 άπροσδέκτου,
681 1994 775 2043 καὶ
810 1992 1173 2063 άνευλογήτου
1205 1993 1387 2045 αὐτῶν
1416 1993 1815 2063 βαπτίσματος,

233 2081 761 2146 ἐξαναϐαπτίζουσι·
822 2084 1023 2154 μᾶλλον
1082 2085 1137 2137 δὲ
1196 2085 1670 2154 καταμολύνουσι,
1723 2088 1818 2139 καὶ

230 2173 327 2224 τοῦ
360 2174 603 2241 Χριστοῦ
630 2176 977 2246 ἀλλοτριοῦσι
1000 2192 1013 2205 ⁸
1046 2178 1140 2231 καὶ
1179 2179 1226 2230 οἱ
1275 2177 1517 2248 μαθηταὶ
1552 2177 1665 2230 τῶν
1696 2178 1816 2231 θεο-

236 2264 431 2332 μάχων
462 2266 773 2334 αἱρετικῶν,
812 2268 902 2318 καὶ
932 2267 1029 2335 τῆς
1058 2266 1312 2329 ἀσεϐείας
1348 2268 1525 2319 αὐτῶν
1556 2268 1813 2337 διάδοχοι,

230 2360 362 2421 τοὺς
389 2359 497 2411 τῶν
526 2361 702 2427 ἁγίων
733 2360 1051 2413 ἀποστόλων
1087 2362 1357 2430 μαθητὰς,
1390 2363 1482 2413 καὶ
1506 2362 1614 2413 τῶν
1646 2363 1815 2429 ἁγίων

233 2452 498 2521 Πατέρων
535 2454 871 2522 ὁμόφρονας,
918 2454 993 2516 ὡς
1044 2454 1381 2522 ἀλλοφύλους
1440 2455 1815 2522 κατηχίζουσι,

234 2541 328 2591 καὶ
355 2541 445 2592 δια
476 2544 575 2603 τὰς
614 2545 895 2612 ἀμέτρους
943 2544 1128 2597 αὐτῶν
1177 2544 1437 2606 ἀσεϐείας
1485 2562 1818 2613 κατακεκρι-

239 2632 390 2697 μένοι
421 2632 782 2701 ὑπάρχοντες,
815 2636 939 2696 τοὺς
970 2634 1217 2697 εὐσεϐεῖς
1249 2636 1344 2687 καὶ
1376 2635 1711 2705 ὀρθοδῦξους,
1741 2638 1817 2700 ὡς

232 2725 261 2775 ὁ
291 2724 548 2791 Καϊάφας
582 2728 935 2796 κατακρίνειν
967 2728 1325 2797 ἐπιχειροῦσι.

306 2814 405 2866 IA’.
445 2814 745 2867 Ἀκούσατε
777 2814 951 2869 ταῦτα
1000 2818 1202 2880 πάντες
1253 2820 1302 2870 οἱ
1347 2822 1465 2887 μετ’
1501 2820 1680 2872 αὐτῶν
1719 2819 1817 2884 τὰς

234 2902 460 2966 ἀγάπας
502 2904 803 2971 ποιοῦντες,
849 2909 942 2959 καὶ
986 2907 1383 2976 διορθώσασθε,
1418 2912 1511 2963 καὶ
1545 2912 1601 2977 ἐξ
1636 2913 1816 2965 αὐτῶν

233 2992 310 3054 ὼς
341 2994 449 3045 ἀπὸ
487 2994 779 3060 Ἰουδαίων,
805 3000 899 3050 καὶ
926 3000 1268 3069 Μανιχαίων,
1302 3004 1397 3053 καὶ
1424 3003 1813 3073 ἀντιχρίστων,

232 3083 642 3153 ἀποφεύξασθε,
693 3090 780 3141 ἵνα
828 3090 904 3161 μὴ
952 3093 1331 3163 συναπολῆσθε
1374 3097 1496 3157 ταῖς
1533 3095 1816 3158 ἀσεϐείαις

1928 612 2266 675 acciderunt,
2298 631 2391 669 cos
2429 619 2514 683 qui
2548 616 2900 688 Evangelium
2944 619 3206 688 integrum
3256 622 3514 690 nullaque

1927 705 2163 758 novitate
2188 708 2439 759 violatum
2474 712 2709 763 retinent
2739 725 2801 764 ac
2824 714 3070 774 credunt,
3097 704 3508 781 hlasphement;

1924 798 2126 864 quique
2157 798 2297 863 piam
2336 800 2515 863 Iidem,
2549 817 2610 853 ac
2645 813 2957 854 sanctorum
2989 803 3209 856 Patrum
3261 808 3510 858 traditio-

1925 902 2021 939 nes
2050 901 2379 955 negaverant
2412 905 2474 943 ac
2511 892 2693 945 irritas
2728 894 2997 957 fecerunt,
3032 909 3124 946 eos
3162 896 3252 962 qui
3290 906 3507 948 sancto-

1926 995 2042 1031 rum
2075 981 2429 1035 orthodoxam
2463 981 2642 1045 fidem,
2682 999 2744 1036 ac.
2789 984 3043 1038 Ecclesia:
3079 986 3356 1039 catholica:
3395 996 3505 1037 tra-

1922 1072 2153 1126 ditiones
2209 1074 2495 1127 inviolatas
2551 1087 2794 1138 servant,
2855 1087 3107 1144 tanquam
3166 1076 3505 1147 pt‘aavaricati

1921 1173 2122 1226 essent,
2157 1178 2221 1217 ac
2252 1165 2610 1231 explosissent
2645 1182 2749 1219 :ac
2792 1169 2883 1235 qui
2930 1168 3204 1221 Christum
3249 1170 3507 1222 incarna-

1923 1265 2055 1318 tum,
2093 1270 2387 1323 omnesque
2428 1269 2648 1313 sanctos
2678 1274 2739 1311 ac
2772 1258 3031 1313 divinitus
3061 1259 3264 1313 amatos
3297 1260 3504 1323 Patres,

1923 1356 2178 1411 tanquam
2216 1348 2416 1400 ethnici
2455 1364 2515 1401 ac
2547 1350 2756 1417 profani
2791 1351 3007 1412 quidam
3052 1352 3347 1415 devovent;
3388 1366 3503 1412 eos,

1921 1437 2011 1505 qui
2043 1448 2262 1491 sanctos
2292 1455 2478 1493 omnes
2514 1441 2715 1493 honore
2757 1451 3179 1510 prosequuntur,
3208 1455 3508 1508 eorumque

1924 1534 2211 1584 memorias
2243 1532 2538 1596 celebrant,
2579 1549 2641 1586 ac
2674 1533 2977 1586 doctrinam
3006 1534 3213 1587 illorum
3249 1534 3503 1594 credunt,

1921 1635 2219 1689 eorumque
2265 1626 2579 1677 osenlantur
2615 1625 2898 1691 imagines,
2953 1635 3210 1691 tanquam
3256 1626 3505 1678 ethnicos

1925 1713 2024 1782 ipsi
2053 1729 2114 1767 ac
2146 1714 2411 1777 inﬁdeles,
2443 1716 2676 1768 scelesto
2726 1730 2789 1768 ac
2837 1713 3084 1781 profano,
3122 1716 3507 1782 immundoque

1922 1819 1983 1857 ac
2037 1806 2380 1869 exsecrabili,
2435 1814 2487 1859 et
2549 1805 2773 1873 polluto,
2833 1820 2931 1858 nec
2982 1803 3355 1867 admittendo,
3402 1812 3505 1857 .aut

1927 1897 2189 1950 rationem
2229 1898 2460 1949 habente
2512 1912 2695 1949 eorum
2751 1897 3043 1963 baptismo.
3098 1896 3273 1948 denuo
3329 1894 3506 1962 bapti-

1922 2000 2065 2053 zcn',
2100 2005 2194 2042 seu
2243 1990 2421 2055 potius
2459 1990 2846 2053 contaminent,
2878 1998 2932 2043 et
2967 1990 3171 2042 alienos
3217 2003 3245 2041 a
3281 1988 3503 2043 Christo

1919 2085 2154 2139 emt-iant
2188 2103 2203 2139 :
2236 2100 2300 2139 ac
2332 2087 2568 2146 demum,
2597 2086 3031 2139 adversariorum
3082 2083 3176 2137 Dei
3227 2084 3506 2138 ha~rctico~

1920 2194 2037 2230 rum
2089 2178 2371 2247 discipuli,
2415 2192 2712 2244 eorumque
2770 2176 3062 2243 impietatis
3114 2189 3500 2236 successores,

1920 2277 2234 2322 sanctorum
2281 2268 2647 2335 apostolorum
2699 2266 3027 2332 disi-ipttlns,
3077 2281 3141 2320 ac
3190 2276 3500 2320 sanctorum

1918 2360 2133 2413 Patrum
2170 2368 2444 2413 sectantes
2479 2361 2657 2423 iidem,
2693 2372 2948 2427 tanquam
2995 2358 3351 2428 alienigenas,
3389 2358 3504 2427 pri-

1920 2451 2033 2504 mis.
2064 2451 2184 2504 iidci
2218 2452 2537 2505 rudimentis
2584 2451 2847 2512 imbuant,
2886 2450 3094 2518 ipsique
3129 2460 3345 2518 propter
3395 2448 3502 2502 im-

1920 2559 2158 2597 mensam
2195 2558 2348 2597 suam
2385 2544 2715 2610 impietatem
2747 2538 3012 2609 damnati,
3049 2541 3165 2609 pios
3210 2556 3272 2594 ac
3303 2540 3502 2624 ortho-

1918 2638 2108 2700 doxos,
2136 2636 2353 2706 Caiphae
2379 2636 2582 2706 judicio
2609 2634 2969 2689 condemnare
2996 2635 3249 2687 audeant.

1986 2821 2130 2876 XIV.
2158 2822 2357 2875 Audite
2402 2821 2516 2874 haec
2560 2834 2769 2884 omnes,
2813 2819 3057 2888 quicum
3112 2819 3190 2873 eis
3234 2818 3501 2873 amicitias

1911 2914 2159 2985 jungitis,
2193 2928 2258 2968 ac
2282 2911 2672 2973 ειιιριιάιιιηίηί,
2704 2920 2865 2979 atque
2895 2909 2963 2963 ab
2990 2909 3114 2972 illis,
3147 2919 3205 2962 ut
3237 2924 3265 2962 a
3297 2907 3499 2966 «ιυιιωίε

1917 3022 1981 3061 ac
2028 3005 2371 3068 Manichaeis,
2417 3012 2471 3058 et
2521 3002 2855 3057 antichristis
2906 3001 3110 3069 fugite,
3160 3009 3218 3055 ut
3271 3016 3337 3055 ne
3373 3016 3496 3054 cum

1918 3114 2108 3155 eorum
2161 3095 2528 3165 impietatihus
2588 3093 2840 3162 pereatis.
2901 3093 3099 3146 Audite
3153 3107 3347 3147 omnes
3401 3091 3494 3160 qui

233 3178 439 3229 αὐτῶν.
487 3180 784 3233 Ἀκούσατε
810 3184 1011 3246 πάντες
1049 3185 1098 3235 οἱ
1139 3186 1261 3253 μετ’
1285 3186 1467 3237 αὐτῶν
1499 3187 1811 3242 συνεσθίον-

1923 3190 2196 3246 communi
2227 3204 2349 3242 cum
2390 3189 2471 3243 eis
2511 3201 2696 3241 mensa
2736 3184 3090 3247 manducatis,
3122 3184 3326 3238 tristem
3377 3197 3500 3237 sen-

228 3285 348 3330 τες,
391 3271 667 3340 ὀδυνηρὰν
701 3275 980 3341 ἀπόφασιν
1005 3278 1069 3328 ἐκ
1106 3277 1327 3328 πάντων
1365 3278 1476 3330 τῶν
1508 3279 1681 3346 ἁγίων
1728 3282 1809 3333 ὅτι

229 3362 324 3414 τοῦ
358 3363 599 3431 Χριστοῦ
635 3365 820 3434 ἐχθροί
847 3369 995 3421 ἐστε.

397 3456 539 3522 Περὶ
560 3451 645 3510 ὧν
674 3458 1199 3526 ἀναθεματίζοντίιι
1229 3464 1283 3513 οἱ
1327 3463 1639 3530 Ἀρμένιοι.

302 3543 383 3599 A'.
418 3548 481 3599 Oi
520 3547 613 3600 οῦν
656 3548 730 3611 ὡς
774 3550 1251 3620 ἀφθαρτοδοκῆται
1292 3554 1806 3622 ἀναθεματίξονται.

302 3734 378 3785 B'.
410 3734 520 3787 Καὶ
542 3735 618 3795 ὡς
648 3734 778 3803 μίαν
801 3734 967 3789 φύσιν
999 3736 1057 3788 ὲν
1083 3736 1306 3806 Χριστῷ
1336 3736 1806 3808 βλασφημοῦντες,

230 3822 749 3891 ἀναθεματίζονται.

301 3912 376 3965 I".
412 3914 521 3965 Kal
578 3916 833 3984 ὼς·μίαν
889 3916 1177 3983 ἐνέργειαν
1226 3916 1394 3969 αὑτοῦ
1446 3918 1809 3984 κηρύττοντες

229 4004 469 4071 ἀσεϐῶς,
504 4008 597 4058 καὶ
626 4007 701 4067 ὡς
731 4006 857 4075 μίαν
888 4007 1111 4077 θέλησιν
1141 4008 1201 4060 ἑν
1234 4008 1459 4078 Χριστῷ
1499 4009 1805 4080 φλυαροῦν-

228 4113 343 4160 τες,
372 4097 889 4165 ἀναθεματίζονται.
1526 4145 1532 4151 .

300 4187 372 4240 Δ’.
406 4191 514 4242 Kal
554 4189 628 4251 ὡς
673 4193 764 4243 τὸν
816 4191 1231 4262 Εὑαγγελισμδν
1274 4192 1377 4262 τῆς
1421 4194 1684 4247 Θεοτόκου
1731 4194 1805 4265 μὴ

228 4282 604 4349 ἑορτάζοντες,
632 4282 1142 4353 ἀναθεματίςονται.

301 4373 376 4426 E'.
408 4376 516 4428 Καὶ
547 4375 621 4437 ὡς
650 4377 749 4445 τὴν
783 4379 970 4431 εἰκόνα
1008 4375 1103 4431 τοῦ
1144 4378 1403 4447 Χριστοῦ,
1433 4381 1528 4431 καὶ
1552 4380 1652 4448 τῆς
1677 4381 1803 4433 Θεο-

227 4466 392 4520 τόκου
419 4468 494 4538 μὴ
519 4470 971 4539 προσκυνοῦντες,
992 4470 1214 4524 καὶτῶν
1238 4471 1407 4539 ἁγίων
1434 4488 1448 4503 ⁸
1472 4471 1586 4524 ἀλλ’
1608 4472 1804 4527 εἴδωλα

230 4560 664 4626 ἀποκαλοῦντες,
697 4560 1204 4632 ἀναθεματίζονται.

304 4652 395 4721 εἷ’.
432 4656 542 4707 Kal.
583 4658 656 4717 ὠς
688 4656 895 4726 ἄζυμον
944 4656 1108 4724 ἄρτον
1152 4654 1459 4718 Ἰουδαϊκῶς
1493 4656 1569 4717 εἰς
1616 4657 1805 4711 ουσίαν

230 4747 627 4817 προσάγοντες,
661 4748 1177 4817 ἀναθεματίζονται.

303 4841 378 4893 Z'.
416 4840 527 4892 Kal
555 4842 631 4902 ῶς
670 4842 729 4892 ὲν
758 4841 835 4911 τῷ
873 4842 1001 4909 οϊνῳ
1046 4842 1140 4895 τοῦ
1174 4844 1405 4911 αἵματος
1429 4843 1524 4896 τοῦ
1566 4841 1802 4913 Χριστοῦ

232 4930 379 5000 ὕδωρ
418 4934 493 5001 μὴ
537 4934 853 5002 κιρνῶντες,
885 4934 1395 5003 ἀναθεματίζονται.

304 5025 387 5079 H'.
422 5026 530 5078 Kal.
558 5026 631 5083 ὡς
654 5026 717 5096 τὸ
736 5026 1064 5093 Εὐαγγέλιον
1093 5027 1185 5080 τοῦ
1213 5024 1448 5098 Χριστοῦ
1484 5025 1803 5095 παραχαρά-

230 5117 443 5183 ξαντες,
479 5117 992 5187 άναθεματίζονται.

299 5214 377 5267 0'.
435 5215 543 5267 Kal.
571 5213 646 5275 ὡς
691 5213 790 5281 τὴν
839 5215 1001 5279 ἁγίαν
1034 5212 1240 5282 Τριάδα
1293 5214 1351 5265 ὲν
1394 5211 1471 5281 τῷ
1523 5212 1801 5283 Τρισαγίῳ

230 5308 388 5382 ὕμνῳ
419 5306 799 5376 σταυροῦντες,
835 5306 1345 5374 ἀναθεματίζονται.

301 5402 357 5454 I'.
396 5401 504 5453 Καὶ
533 5399 608 5462 ὡς
637 5401 737 5468 τὴν
762 5400 1024 5469 Γέννησιν
1062 5400 1154 5453 τοῦ
1181 5401 1420 5470 Χριστοῦ
1452 5399 1793 5470 ἀρνούμενοι,

227 5493 741 5562 ἀναθεματίςονται.

296 5583 399 5638 1Α’.
436 5584 547 5637 Kal.
574 5583 650 5647 ὡς
678 5583 777 5654 τὴν
804 5584 1273 5655 ψευδοιερωσύνην
1302 5584 1478 5637 αὐτῶν
1502 5583 1794 5655 προφανῶς

229 5676 659 5745 πιπράσκοντες,
699 5678 795 5727 καὶ
836 5675 937 5745 τὴν
990 5675 1288 5743 βδελυκτὴν
1325 5674 1535 5727 ἑαυτῶν
1580 5672 1789 5737 θυσίαν,

228 5768 494 5837 καπήλων
528 5767 892 5836 πεποιηκότες
915 5786 930 5798 ·
962 5767 1066 5820 ὑπὸ
1097 5767 1206 5819 τῶν
1252 5766 1422 5833 ἀγίων
1458 5764 1790 5828 ἀποστόλων,

231 5862 321 5915 καὶ
347 5861 456 5914 τῶν
485 5861 758 5930 θεοφόρων
781 5860 1039 5928 Πατέρων
1068 5860 1143 5922 ὡς
1174 5859 1496 5927 Σιμωνιανοὲ
1524 5856 1793 5923 ἀναθεμας

1920 3284 2142 3339 tentiam
2198 3280 2438 3336 omnium
2486 3287 2794 3332 sanctorum
2845 3274 3118 3343 suﬂragiis
3154 3276 3342 3341 latam,
3376 3288 3499 3329 esse

1917 3390 2013 3430 vos
2046 3374 2389 3429 adversarios
2420 3371 2643 3425 Christi.

2063 3464 2248 3532 Capita
2279 3479 2501 3533 quorum
2531 3461 2735 3515 ratione
2760 3459 2997 3513 Armenii
3020 3460 3349 3513 demoventur.

1987 3557 2028 3612 I.
2085 3558 2271 3626 Itaque
2308 3554 2836 3610 anathematizantur
2872 3551 2985 3616 illi,
3043 3558 3299 3621 tanquam
3348 3548 3497 3620 Aph-

1920 3647 2329 3703 thartodocetze.

1989 3740 2057 3794 II.
2095 3739 2374 3807 Tanquam
2406 3750 2568 3790 unam
2612 3738 2666 3788 in
2696 3732 2914 3788 Christo
2960 3741 3208 3788 naturam
3246 3731 3500 3800 blasphe-

1915 3841 2150 3887 mantes.

1987 3922 2079 3977 III.
2113 3920 2180 3975 Ut
2206 3934 2366 3973 unam
2393 3916 2508 3986 ejus
2539 3916 2906 3985 operationem
2930 3913 3095 3982 impie
3115 3913 3490 3983 praedicantes,

1913 4028 1978 4068 ac
2011 4026 2172 4066 unam
2205 4012 2258 4064 in
2292 4010 2406 4079 ipso
2434 4016 2700 4077 uagantes
2740 4006 3094 4059 voluntatem.

1983 4197 2071 4254 IV.
2111 4195 2181 4254 Ut
2213 4195 2307 4251 Dei
2341 4192 2629 4251 Genitricis
2667 4189 3144 4246 Annuntiationem
3197 4204 3305 4244 non
3351 4190 3491 4245 cele-

1949 4301 2150 4346 rantes.

1949 4301 2150 4346 rantes.

1911 4292 1943 4348 ι)
1982 4383 2045 4439 ν.
2085 4383 2152 4438 lit
2182 4380 2388 4436 Christi
2426 4378 2741 4448 imaginem,
2785 4389 2850 4430 ac
2894 4373 2989 4429 Dei
3021 4372 3333 4437 Genitricis,
3364 4387 3491 4428 san-

1913 4487 2194 4542 torumque
2228 4486 2333 4525 non
2364 4471 2675 4533 adorantes,
2705 4465 2799 4521 sed
2824 4464 2964 4519 idola
2990 4462 3345 4533 appellantes.

1978 4665 2067 4722 Vl.
2104 4665 2173 4720 Ut
2205 4680 2401 4735 panem
2433 4673 2683 4729 azymum
2709 4655 3017 4712 Judazorum
3048 4668 3199 4710 more
3234 4654 3288 4708 in
3315 4652 3485 4710 sacri-

1907 4761 2082 4815 ﬁcium
2120 4758 2428 4812 oﬂerentes.

1979 4851 2086 4905 ΠΙ.
2124 4850 2189 4905 Ut
2223 4850 2311 4917 qui
2350 4851 2400 4901 in
2432 4849 2558 4901 vino
2603 4842 2883 4915 sanguinis
2913 4839 3114 4896 Christi
3150 4852 3343 4907 aquam
3374 4851 3481 4891 non

1904 4947 2184 5000 misceant.

1969 5035 2108 5090 VIII.
2152 5035 2216 5091 Ut
2263 5034 2350 5103 qni
2400 5034 2599 5088 Christi
2651 5027 2994 5096 Evangelium
3032 5020 3475 5076 adulteraverint.
3540 5057 3547 5062 -

1972 5216 2061 5270 IX.
2112 5216 2183 5270 Ut
2230 5216 2321 5284 qui
2365 5225 2601 5268 sanctam
2647 5211 2970 5266 Trinitatem
3024 5210 3077 5263 in
3124 5208 3327 5277 hymno
3375 5201 3467 5256 Ter

1898 5324 2129 5376 sanctus,
2178 5310 2519 5374 cruciﬁgant.

1967 5403 2035 5456 Χ.
2068 5400 2141 5457 Ut
2170 5400 2257 5469 qui
2292 5397 2492 5453 Christi
2527 5395 2872 5449 Nativitatem
2906 5404 3116 5465 negent.

1970 5579 2058 5635 XI.
2093 5578 2163 5634 Ut
2194 5575 2282 5645 qui
2314 5573 2450 5629 falso
2488 5572 2850 5627 existimatum
2902 5573 3257 5627 sacerdotium
3308 5589 3464 5628 suum

1898 5670 2179 5739 perspicue
2201 5667 2451 5727 vendant,
2477 5677 2538 5718 ac
2561 5662 2893 5716 exsecrabile
2918 5662 3243 5716 sacriﬁcium
3270 5663 3463 5717 venale

1899 5762 2129 5823 iaciant;
2166 5759 2363 5812 idcirco
2413 5766 2665 5820 tanquam
2700 5751 2995 5806 Simoniani
3025 5768 3053 5805 a
3083 5753 3287 5808 sanetis
3327 5768 3462 5822 apo-

1896 5854 2047 5909 stolis
2106 5868 2165 5907 ac
2218 5848 2435 5907 dcil‘cris
2477 5845 2727 5900 Patribus
2773 5845 3117 5901 anathemate
3169 5845 3454 5900 Icriuntur.
