4194 6444
738 340 867 405 1211
1802 346 2053 409 ISAACI
2098 350 2465 410 ARMENLE
2510 353 2919 416 CATHOIJCI
3857 356 3995 421 121?.

732 463 1029 515 Anathenia
1079 470 1257 514 autem
1291 462 1343 515 in
1394 462 1537 514 hunc
1588 462 1802 515 modum
1847 464 2177 532 exponitur:
2208 464 2311 517 Re-
2342 472 2385 522 Α

2348 472 2385 522 Α
2414 467 2676 530 τίζονται.
2713 471 2786 521 Τὸ
2818 470 2874 521 δὲ
2910 469 3163 541 ἀνάθεμα
3203 472 3569 542 ἑρμηνεύεται
3600 472 3797 536 οὕτως.
3845 476 4004 529 Ἀνα-

728 567 879 615 Vera,
904 551 1107 619 inquit,
1142 551 1349 604 diabolo
1378 551 1657 604 devolutus
1696 552 1920 604 exsistat
1950 553 2040 621 qtti
2087 556 2309 607 anathe—

2418 558 2616 626 θέσθω,
2653 562 2843 629 φησὶν,
2863 563 3056 628 ὅντως,
3071 564 3623 633 -ἀναθεματιξόμενος
3647 567 3724 636 τῷ
3743 567 3997 634 διαϐὀλιεν

731 643 1044 704 matizatur;
1072 642 1273 703 nullum
1296 642 1404 708 jam
1430 642 1616 696 salutis
1638 642 1813 696 locum
1840 644 2071 709 habent;
2099 646 2308 698 alienus

2418 651 2615 720 μηκέτι
2662 650 2847 722 χώραν
2896 654 3171 723 σωτηρίας
3203 655 3410 725 ἐχέτωο
3453 657 3695 723 γενέσθω
3735 658 3791 710 δὲ
3836 657 3998 710 ἀλλό-

731 737 800 786 sit
829 750 857 786 a
890 734 1127 787 Christo.

2414 758 2566 810 τριος
2593 743 2702 795 ἀπὸ
2727 742 2821 795 τοῦ
2846 745 3103 813 Χριστοῦ.

800 839 916 892 XV.
954 838 1227 905 Siquidem
1271 854 1396 905 ergo
1430 846 1503 890 tot
1530 838 1889 892 auathematis
1917 840 1983 892 ab
2016 840 2160 894 orbis
2191 842 2305 891 uni-

2485 833 2587 888 IE'.
2631 836 2693 886 Et
2725 835 2817 887 οὖν
2856 836 3096 890 τοσαῦτα
3129 838 3235 890 ὑπὸ
3270 837 3490 891 πάντων
3525 839 3636 891 τῶν
3669 839 3769 905 τῆς
3812 842 3996 892 οἰκου-

728 933 868 984 versi
906 932 1249 999 pontiﬁcibus
1276 931 1451 983 devoti
1486 940 1631 995 sunt,
1657 948 1682 981 a
1717 930 1933 984 Christo
1976 933 2304 1000 pronuntiati

2417 928 2585 998 μένης
2620 929 2927 998 ἀρχιερέων
2954 930 3487 1001 ἀνεθεματίσθησαν,
3516 932 3719 984 καὶτοῦ
3749 933 3994 1002 Χριστοῦ

726 1023 907 1084 alieni,
956 1031 1006 1074 et
1060 1023 1271 1074 diabolo
1324 1024 1527 1085 traditi,
1574 1034 1732 1091 atque
1784 1024 1846 1073 ad
1901 1026 2082 1077 mundi
2141 1041 2309 1094 usque

2412 1022 2894 1090 ἀλλοτριωθέντες,
2931 1024 3007 1094 τῷ
3042 1024 3279 1096 διαϐόλῳ
3319 1029 3724 1096 παρεδόθησαν,
3759 1028 3851 1079 καὶ
3888 1028 3994 1088 ἕως

732 1100 1254 1167 consummationem
1307 1131 1335 1168 a
1368 1116 1692 1169 Christianis
1738 1116 2002 1169 universis
2042 1118 2309 1170 devoven-

2412 1114 2512 1181 τῆς
2555 1115 2867 1176 συντελείας
2907 1116 3006 1168 τοῦ
3054 1118 3251 1181 αἰῶνος
3285 1118 3390 1171 ὑπὸ
3434 1120 3656 1172 πάντων
3702 1120 3812 1172 τῶν
3843 1121 3997 1188 ⁵Χριιι

727 1217 813 1259 tur
849 1223 863 1262 :
895 1209 1168 1271 quomodo
1225 1224 1409 1260 rursus
1465 1218 1719 1275 tanquam
1776 1209 1886 1261 veri
1936 1209 2225 1263 Christiani
2278 1225 2305 1263 a

2416 1208 2652 1261 στιανῶν
2681 1208 3201 1279 Ιάναθεματίζονται
3238 1228 3254 1245 ⁸
3282 1212 3400 1276 πῶς
3451 1215 3614 1267 πάλιν
3649 1215 3724 1276 ὡς
3767 1213 3994 1282 ἀληθεῖς

724 1297 977 1350 ﬁdelibus
1026 1299 1221 1351 debent
1276 1299 1551 1366 reputari?
1596 1298 1730 1363 Quei
1779 1314 1908 1353 vero
1950 1302 2139 1366 etiam,
2174 1301 2308 1355 falso

2414 1299 2727 1364 Χριστιανοὶ
2778 1300 2883 1352 ὑπὸ
2913 1302 3022 1352 τῶν
3060 1301 3271 1355 πιστῶν
3308 1302 3623 1373 λογισθῆναι
3671 1306 3989 1373 ὁςςείλουσις

723 1389 944 1442 nomine
981 1388 1276 1443 Christiani
1334 1405 1394 1441 ac
1443 1391 1724 1444 orthodoxi
1754 1432 1767 1451 ,
1820 1391 2102 1445 sct‘lestum
2149 1408 2305 1445 suum

2416 1386 2536 1447 Πῶς
2568 1388 2625 1438 δὲ
2679 1390 2773 1440 καὶ
2819 1391 2866 1440 οἱ
2898 1389 3279 1459 ψευδόχριστοι
3309 1392 3405 1442 καὶ
3444 1392 3494 1442 οἱ
3526 1390 3991 1460 ψευὸοορθὸδοξοι,

726 1482 991 1551 baptisma
1039 1499 1100 1535 ac
1147 1485 1429 1553 mysteria,
1476 1500 1601 1537 vera
1658 1501 1720 1538 ac
1774 1486 1924 1537 lit-ma
1961 1488 2312 1542 existimant?

2412 1480 2471 1530 τὸ
2492 1480 2686 1549 μιαρὸν
2710 1481 3016 1551 βάπτισμα,
3047 1485 3140 1535 καὶ
3174 1484 3272 1546 τὰς
3308 1484 3529 1544 τελετὰς
3562 1484 3742 1535 αὐτῶν
3762 1483 3837 1544 ὡς
3858 1483 3992 1552 ἀλη-

726 1574 1007 1641 Siquidem
1050 1575 1217 1643 igitur
1263 1577 1536 1629 sexcentis
1570 1578 1775 1630 vicibus
1812 1578 2037 1645 subjecti
2083 1580 2309 1632 anathe-

2414 1572 2481 1639 θῆ
2525 1573 2621 1624 καὶ
2664 1573 2857 1642 βέϐαια
2910 1570 3044 1628 εἶναι
3081 1576 3418 1643 λογίζονται;
3469 1577 3529 1629 Et
3577 1576 3670 1629 οὖν
3726 1577 3990 1645 μυριάκις

722 1666 877 1729 mali,
912 1666 1127 1720 diabolo
1157 1670 1334 1721 traditi
1370 1679 1527 1732 sunt;
1560 1671 1829 1736 quomodo
1862 1671 1928 1723 ab
1965 1673 2309 1724 anathemate

2414 1664 2941 1732 ἁναθεματισθέντες
2966 1707 2980 1729 ,
3014 1668 3091 1735 τῷ
3120 1668 3354 1737 διαϐόλῳ
3386 1668 3773 1737 παρεδόθησαν
3815 1685 3830 1698 ·
3877 1669 3993 1728 πῶς

725 1770 788 1807 ac
820 1757 952 1809 diris
987 1766 1143 1810 exeat
1178 1758 1522 1813 benedictio?
1549 1771 1639 1813 aut
1674 1762 1945 1828 quomodo
1978 1762 2217 1829 spiritale
2247 1780 2308 1815 ac.
2345 1815 2380 1831 η

2345 1815 2380 1831 n
2413 1754 2522 1806 ἀπὸ
2548 1756 2914 1824 ἀναθέματος,
2959 1761 3052 1810 καὶ
3091 1760 3341 1831 κατάρας
3383 1761 3607 1828 εὐλογία
3642 1760 3930 1831 ἐξζρχεται
3961 1800 3974 1822 ,

723 1857 968 1899 sanctum
1017 1863 1151 1916 opus
1190 1864 1217 1901 a
1253 1850 1467 1903 diabolo
1513 1851 1961 1903 consummatur?
1992 1851 2307 1906 Benedictio
2344 1815 2379 1866 Β

2344 1815 2380 1866 Β
2411 1843 2441 1912 ἢ
2476 1845 2597 1908 πῶς
2641 1847 2748 1898 ἀπὸ
2795 1846 2888 1899 τοῦ
2936 1844 3211 1913 διαϐόλου,
3266 1851 3641 1918 πνευματικὸν
3694 1850 3786 1901 καὶ
3835 1848 3992 1914 ἆγιον

722 1937 866 1991 enim
896 1938 1309 2007 haudquaquam
1355 1930 1665 2007 procreatur
1713 1942 1777 1993 ab
1810 1943 2176 2006 anathemate,
2209 1958 2308 1997 nec

2410 1935 2736 1989 ἐπιτελεῖται
2772 1939 2974 2007 ἐργονς
3025 1940 3156 1993 Ἀπὸ
3194 1943 3302 2011 γὰρ
3352 1940 3718 2009 ἀναθεματος,
3771 1941 3992 2006 εὐλογία

721 2036 961 2098 precatio
985 2032 1095 2083 exit
1125 2050 1151 2081 ει
1195 2033 1591 2094 tnaledictioue,
1624 2049 1721 2086 nec
1752 2032 1955 2088 Christi
1987 2036 2303 2101 mysterium

2410 2029 2468 2080 οὐ
2500 2030 2713 2093 γίνεται
2743 2046 2756 2059 ’
2793 2031 2888 2083 καὶ
2924 2032 3032 2084 ἀπὸ
3072 2034 3344 2103 κατάρας,
3380 2033 3513 2104 εὐχὴ
3548 2033 3645 2085 οὐκ
3677 2033 3985 2103 ἐξέρχεται·

722 2124 1000 2190 peragitur
1027 2138 1055 2175 a
1093 2122 1308 2176 diabolo
1339 2141 1350 2174 :
1383 2125 1563 2176 suavis
1608 2125 1732 2176 item
1778 2126 1913 2179 odor
1945 2142 2048 2179 non
2086 2142 2306 2193 progre—

2410 2119 2503 2170 καὶ
2535 2119 2642 2170 ἀπὸ
2677 2119 2947 2185 διαϐόλου,
2983 2122 3223 2191 Χριστοῦ
3260 2127 3562 2193 μυστήριον
3592 2124 3688 2175 οὐκ
3714 2123 3986 2174 ἐπιτελεῖ-

721 2216 868 2267 ditur
899 2230 928 2268 a
960 2225 1226 2277 stercore,
1262 2201 1365 2269 nec.
1394 2218 1460 2269 ab
1488 2218 1667 2269 ulcere
1695 2216 1815 2271 aliis
1843 2218 2051 2271 accedit
2075 2219 2301 2281 sanitas,

2413 2226 2501 2261 ται
2532 2227 2544 2240 ·
2578 2211 2669 2261 καὶ
2701 2211 2809 2262 ἀπὸ
2841 2213 3046 2282 κόπρου
3077 2257 3090 2277 ,
3119 2214 3319 2267 εὐωδία
3355 2218 3458 2267 οὐκ
3498 2216 3781 2284 ἐξέρχεται
3808 2232 3823 2245 ⁸
3864 2214 3986 2267 οὔτε

720 2322 821 2361 nec
850 2309 983 2361 alius
1016 2320 1241 2362 curatur
1267 2325 1292 2361 a
1326 2309 1570 2373 vulnere,
1605 2325 1701 2362 nec
1732 2326 1761 2364 a
1793 2310 2021 2379 putridis
2049 2311 2304 2364 membris

2406 2303 2515 2355 ἀπὸ
2548 2304 2763 2367 ἕλκους,
2802 2303 2947 2367 ίασις
2976 2306 3184 2374 ἐτέροις
3214 2308 3419 2361 δίδοται
3447 2314 3461 2337 ⁶
3497 2308 3625 2361 οὔτε
3667 2309 3774 2360 ἀπὸ
3810 2308 3986 2377 τραύ-

718 2415 918 2467 corpus
947 2400 1089 2453 aliud
1125 2417 1314 2455 Sanum
1342 2403 1632 2465 etiicietnr;
1667 2418 1839 2470 nequc
1869 2403 2059 2457 harresi
2090 2419 2151 2457 ac
2185 2404 2304 2457 iuli-

2415 2414 2610 2465 ματος,
2646 2397 2806 2461 ἄλλος
2843 2398 3209 2469 θεραπεύεται
3246 2415 3259 2429 ·
3291 2400 3415 2454 οὗτε
3447 2402 3558 2455 ἀπὸ
3589 2403 3987 2471 σεσηπομένων

719 2493 941 2545 delitate
988 2495 1458 2547 consumtnabitur
1502 2495 1749 2562 spiritale
1795 2510 1931 2563 opus
1965 2513 1978 2548 :
2010 2512 2108 2550 nec
2158 2496 2301 2565 quod

2411 2489 2615 2555 μελῶν,
2649 2490 2830 2556 ὑγίεια
2857 2492 2939 2543 ἐτέ
2953 2510 3029 2561 ρῳ
3054 2494 3268 2563 σώματι
3299 2494 3790 2565 παρασχεθήσεται
3822 2512 3833 2525 ·
3861 2492 3986 2546 οὔτε

716 2595 963 2639 errantes
994 2603 1057 2640 ac
1086 2588 1229 2655 impii
1275 2589 1539 2654 baptiSuia
1580 2590 1896 2649 coniiciunt,
1926 2600 2007 2643 cst
2052 2600 2299 2656 accepta-

2404 2584 2513 2635 ἁπὸ
2540 2583 2807 2653 αἱρέσεως
2839 2587 2934 2639 καὶ
2962 2588 3244 2653 ἀπιστίας,
3282 2592 3658 2659 πνευματικὸν
3686 2587 3853 2659 ἔργον
3893 2606 3988 2640 τε-

715 2676 841 2739 bile,
872 2677 1323 2747 quemadmodum
1358 2680 1431 2731 ait
1467 2679 1728 2732 Dominus
1758 2699 1770 2733 :
1805 2678 1925 2732 Non
1971 2682 2106 2734 enim
2153 2681 2303 2733 colli—

2404 2679 2643 2731 λειοῦται
2666 2697 2679 2711 ’
2716 2674 2849 2733 οὔτε
2868 2681 2977 2732 ἀπὸ
3008 2682 3316 2747 κακοδὸξων
3347 2684 3443 2736 καὶ
3464 2682 3681 2737 ἀσεϐῶν
3707 2682 3990 2735 τετελειω-

714 2775 844 2833 gunt
873 2767 935 2821 de
970 2770 1135 2834 spinis
1180 2785 1326 2832 uvas,
1356 2785 1445 2821 nec
1477 2770 1539 2822 de
1569 2770 1777 2824 tribulis
1813 2770 1944 2839 ﬁcus
1972 2771 2038 2823 ³⁷.
2073 2771 2302 2825 Proinde

2408 2773 2593 2839 μένον,
2636 2772 3040 2843 εύπρόσδεκτον
3081 2776 3368 2845 βάπτισμα
3424 2777 3673 2843 γίνεται,
3712 2775 3904 2838 καθὼς
3961 2778 3986 2829 ὁ

714 2873 837 2911 cum
872 2874 1058 2913 eorum
1095 2860 1386 2928 baptisma,
1425 2873 1534 2914 tum
1571 2863 1863 2915 universim
1896 2877 2048 2915 sacra
2095 2863 2297 2924 omnia,

2403 2866 2607 2935 Κύριος
2631 2866 2810 2933 λέγει·
2836 2869 2918 2921 Οὐ
2950 2868 3060 2935 τὰρ
3088 2869 3506 2936 συλλέγουσιν
3546 2868 3665 2921 ἀπὸ
3707 2866 3990 2921 ἀκανθῶν

714 2954 1003 3019 perspicue
1036 2954 1262 3021 reproba
1291 2962 1416 3006 sunt
1447 2963 1609 3023 atque
1635 2954 1807 3016 irrita,
1835 2953 2094 3021 quidquid
2128 2953 2297 3017 Stulti,

2401 2959 2761 3027 σταφυλὴν,
2798 2959 2937 3013 οὔτε
2993 2960 3111 3014 ἀπὸ
3157 2962 3445 3028 τριϐόλων
3484 2960 3667 3013 σῦκα.
3700 2959 3867 3012 Ὅθεν
3898 2962 3989 3011 καὶ

715 3062 779 3098 ac
816 3046 1271 3115 insipientissitni,
1310 3048 1791 3115 inconstantesque
1836 3047 1971 3100 falso
2001 3047 2296 3101 existimati

2403 3053 2462 3104 τὸ
2496 3052 2787 3122 βάπτισμα
2815 3054 3019 3115 αὐτῶν,
3054 3053 3324 3122 πρόδηλον
3357 3054 3453 3106 καὶ
3480 3051 3770 3115 παντελῶς
3804 3051 3988 3103 τελού·

714 3138 1025 3199 orthodoxi,
1042 3154 1159 3204 qua:
1183 3140 1281 3207 ipsi
1302 3140 1606 3202 celebrant,
1629 3150 1879 3208 tanquam
1902 3155 2027 3190 vera
2051 3149 2295 3203 rataque,
2329 3151 2370 3209 ε

2332 3151 2371 3209 c
2409 3162 2548 3211 μενα
2594 3146 2949 3215 ἁττρόσδεκτα
2996 3147 3091 3198 καὶ
3136 3145 3371 3199 ἀϐέϐαια
3424 3146 3757 3214 ὑπάρχουσι,
3809 3144 3861 3196 εί
3894 3144 3988 3195 καὶ

716 3245 780 3284 ac
811 3241 1051 3298 accepta,
1082 3233 1225 3285 credi
1259 3242 1512 3302 oportere
1545 3249 1607 3286 ac
1657 3233 1892 3301 reputari
1946 3233 2297 3285 contendant.

2406 3234 2687 3304 βιάζονται
2736 3239 2783 3289 οἱ
2818 3236 3072 3289 ἀσύνετοι
3106 3237 3202 3289 καὶ
3250 3238 3651 3306 ἀφρονέστατοι
3694 3238 3791 3289 καὶ
3821 3236 3988 3305 ἀστή-

716 3321 1003 3376 Enitnvero
1025 3324 1248 3377 audiant
1273 3325 1502 3393 imperiti
1526 3339 1589 3378 ac
1622 3325 1823 3378 indocti
1845 3322 2108 3377 Joannem
2151 3323 2302 3376 theo-

2406 3346 2580 3398 ρικτοι
2610 3329 3049 3397 ψευόοορθόδοξοι
3074 3371 3089 3387 ,
3127 3330 3195 3383 τὰ
3227 3330 3320 3382 ὑπ’
3372 3330 3601 3382 ἐκείνων
3643 3328 3951 3396 τελούμενα
3971 3367 3985 3387 ,

713 3428 893 3499 logum
919 3429 992 3481 ita
1017 3430 1066 3481 in
1095 3429 1330 3497 Epistola
1354 3430 1618 3481 dicentem
1650 3447 1660 3479 :
1691 3427 1751 3481 Si
1772 3427 1889 3497 quis
1916 3428 2074 3489 enim,
2102 3426 2297 3493 inquit,

2402 3417 2478 3476 ὡς
2519 3417 2697 3486 ἀληθῆ
2748 3420 2842 3470 καὶ
2887 3418 3079 3485 βέϐαια
3113 3418 3423 3481 πιστεύειν,
3477 3421 3574 3473 καὶ
3607 3419 3987 3489 εὐπρόσδεκτα

714 3524 849 3573 t-enil
876 3524 942 3573 ml
971 3539 1076 3584 vos,
1106 3533 1154 3573 et
1185 3523 1318 3573 hanc
1350 3520 1647 3573 doctrinam
1680 3537 1779 3572 non
1816 3520 1991 3587 oﬂ'ert,
2031 3535 2091 3571 ne
2119 3522 2164 3571 ei
2196 3518 2301 3571 Are

2403 3508 2735 3576 λογίζεσθαι.
2778 3511 2922 3564 Ἀλλ’
2955 3512 3306 3564 ἁκουέτωσαν
3335 3512 3385 3565 οἱ
3418 3512 3654 3581 ἀμαθεῖς
3692 3513 3789 3564 καὶ
3822 3512 3987 3563 ἀπαί-

716 3613 981 3676 dixeritis,
1011 3628 1073 3664 ac
1105 3611 1261 3663 nolite
1285 3614 1337 3662 in
1364 3611 1573 3663 domum
1602 3613 1846 3678 recipere.
1880 3609 1980 3672 Qui
2010 3609 2146 3661 enim
2170 3608 2295 3661 dicit

2405 3602 2581 3655 δευτοι
2631 3601 2886 3655 Ἰωάννου
2918 3604 3013 3656 τοῦ
3054 3602 3322 3671 Θεολόγου
3354 3605 3413 3656 ἐν
3456 3604 3526 3672 τῆ
3550 3604 3810 3672 ἐπιστολῇ
3848 3603 3987 3656 οὕτω

712 3707 794 3758 illi
854 3708 990 3768 Ave,
1050 3707 1404 3758 communicat
1474 3702 1714 3771 operibus
1774 3702 1888 3770 ejus
1943 3702 2185 3770 malignis
2230 3702 2293 3753 ³³.

2403 3695 2654 3762 λέγοντος
2682 3711 2695 3723 ⁸
2731 3693 2803 3747 Εἴ
2836 3712 2925 3759 τις
2958 3696 3089 3763 γὰρ,
3136 3698 3324 3765 φησὶν,
3361 3698 3603 3765 ἔρχεται
3626 3698 3780 3763 πρὸς
3806 3694 3982 3765 ἡμᾶς,

712 3800 1082 3866 Quamobrem
1136 3798 1481 3867 perspicuum
1530 3805 1636 3858 est,
1667 3810 1761 3848 eos
1804 3810 2041 3863 quoque,
2076 3795 2166 3860 qui
2209 3808 2296 3845 or-

2409 3787 2508 3839 καί
2544 3786 2768 3851 ταύτην
2798 3785 2915 3853 τὴν
2958 3784 3217 3853 διδαχὴν
3250 3789 3321 3841 οὐ
3368 3788 3535 3855 φέρει
3570 3788 3700 3857 μεθ’
3741 3788 3983 3849 ἑαυτοῦ,

712 3891 932 3944 thodosi
965 3900 1241 3960 putantur,
1272 3899 1474 3943 etcum
1508 3886 1779 3941 hmreticis
1810 3887 1866 3940 in
1902 3886 2024 3940 cibo
2053 3899 2116 3937 ac
2146 3896 2295 3953 potu,

2402 3878 2641 3946 Χαίρειν
2666 3877 2826 3943 αὐτῷ
2854 3876 2941 3946 μὴ
2974 3876 3203 3946 λέγετε,
3245 3878 3345 3931 καὶ
3374 3883 3459 3945 εἱς
3512 3879 3716 3933 οὶκίαν
3746 3879 3836 3947 μὴ
3878 3896 3987 3934 πα·

714 3983 981 4047 anticitia,
1019 3997 1082 4037 ac
1130 3996 1261 4050 pace
1309 3981 1738 4043 communicant,
1773 3988 1932 4046 atque
1968 3992 2029 4031 ea
2066 3992 2185 4044 qum
2231 3979 2298 4031 ab

2392 3970 2833 4040 ραλαμϐἀνετε.
2886 3971 2948 4025 '0
2979 3970 3090 4041 γὰρ
3123 3973 3322 4040 λέγων
3349 3972 3511 4035 αὐτῷ
3556 3974 3823 4040 Χαίρειν,
3868 3991 3982 4026 κοι-

715 4076 821 4128 illis
858 4083 1212 4143 peraguntur,
1264 4080 1482 4140 accepta
1536 4072 1737 4124 habent
1786 4077 1991 4134 errata,
2029 4070 2299 4135 impieque

2400 4064 2583 4117 νωνεῖ
2630 4064 2758 4130 τοῖς
2810 4064 2923 4136 (54)
2976 4066 3184 4135 ,λόγοις
3238 4064 3431 4119 αὐτοῦ
3484 4064 3609 4130 τοῖς
3645 4066 3936 4133 πονηροῖς
3965 4080 3978 4093 ·

714 4182 779 4221 ac
808 4166 971 4219 Stulte
1002 4180 1189 4219 revera
1237 4164 1579 4217 Christianos
1625 4163 1927 4226 nominaut,
1962 4177 2149 4215 eorum
2184 4175 2297 4213 nta-

2398 4153 2522 4207 ὃθεν
2555 4153 2827 4224 πρόδηλον
2865 4154 2962 4207 καὶ
2991 4155 3041 4209 οἱ
3073 4154 3429 4224 νομιζόμενοι
3465 4153 3768 4224 ὀρθόδοξοι,
3792 4172 3981 4206 κοινω·

711 4261 1017 4313 Ιιεάὶειὶοιιίε
1046 4260 1224 4312 socios
1256 4257 1507 4319 inveniri,
1543 4265 1728 4324 totque
1763 4257 2020 4310 adversus
2052 4269 2147 4309 eos
2176 4269 2298 4323 pro-

2397 4247 2620 4311 νοῦντες
2667 4250 2783 4311 τοῖς
2829 4248 3130 4318 αἱρετικοίς
3176 4249 3236 4300 ἐν
3287 4246 3491 4317 βρώσει
3542 4251 3640 4301 καὶ
3666 4248 3853 4314 πόσει,
3896 4250 3982 4300 καὶ

710 4353 945 4407 latorum
1016 4352 1423 4404 anathematum
1479 4349 1547 4402 ab
1604 4349 1861 4402 universo
1911 4348 2298 4414 orbe,,atque

2399 4339 2578 4408 φιλίᾳ,
2628 4338 2727 4391 καὶ
2777 4338 2997 4409 είρήνῃ,
3037 4339 3136 4391 καὶ
3169 4337 3241 4391 τὰ
3284 4336 3378 4390 ὑπ’
3409 4337 3637 4391 ἐκείνων
3682 4336 3982 4406 τελούμενα

710 4443 981 4498 catholica
1007 4453 1060 4494 et
1084 4440 1385 4509 apostolica
1416 4439 1650 4493 Ecclesia
1677 4440 1745 4494 ab
1771 4450 1891 4493 ortu
1923 4439 1989 4493 ad
2014 4452 2291 4493 occasum.
2328 4493 2366 4509 ἢ

2328 4493 2368 4509 n
2399 4432 2779 4503 εὐπρόσδεκτα
2806 4430 3180 4501 λογιζόμενοι,
3215 4432 3312 4484 καὶ
3338 4430 3577 4495 ἀσεϐῶς,
3610 4431 3707 4485 καὶ
3742 4430 3983 4499 ἀνοήτως

1006 4493 1097 4583 ait
1121 4493 1464 4583 admirabilis
1496 4528 1919 4599 Chrysostomus
1966 4547 1979 4583 :
2014 4547 2033 4581 ι
2083 4528 2139 4582 Si
2174 4527 2296 4597 quis
2328 4493 2369 4547 Β

2328 4493 2476 4587 θὼς
2513 4493 2773 4595 amem,
2830 4493 3198 4595 Χριστιανοὺς
3260 4493 3665 4593 ὀνομάζοντες,
3736 4493 3982 4576 κοινωνοὶ

716 4624 932 4676 videtur
960 4623 1166 4675 amicus
1195 4636 1316 4675 esse
1345 4620 1743 4684 haereticorum,
1774 4618 1865 4674 Dei
1897 4621 2066 4675 hostis
2093 4619 2295 4673 consti-

2404 4619 2757 4687 εὑρίσκονται
2792 4618 2891 4685 τῆς
2912 4618 3050 4687 ἀρᾶς
3086 4616 3288 4681 αὐτῶν,
3318 4618 3413 4670 καὶ
3439 4616 3548 4669 τῶν
3572 4614 3852 4669 τοσούτων
3872 4613 3982 4667 κατ’

710 4714 904 4768 tuitur.
958 4735 976 4766 ι
2404 4710 2590 4763 αὐτῶν
2621 4709 3009 4779 ἁναθεμάτων,
3043 4708 3153 4761 τῶν
3179 4707 3582 4778 ἐπενεχθέντων
3601 4708 3815 4768 αὐτοῖς,
3840 4704 3984 4772 παρὰ

710 4808 895 4876 πάσης
928 4806 1029 4875 τῆς
1069 4808 1423 4875 οίκουμενης,
1456 4806 1553 4858 καὶ
1613 4808 1713 4875 τῆς
1748 4805 1857 4857 ἀπὸ
1930 4803 2209 4858 ἀνατολῶν
2248 4802 2356 4865 ἕως
2394 4804 2621 4873 δυσμῶν
2677 4801 2978 4870 καθολικῆς
3035 4802 3132 4855 καὶ
3185 4801 3555 4868 ὰποστολικῆς
3608 4798 3938 4870 Ἐκκλησίας
3965 4813 3977 4824 ·

709 4902 893 4962 καθὼς
928 4901 1026 4954 καλ⁵
1064 4903 1091 4954 ὁ
1150 4902 1295 4964 θεῖος
1344 4900 1735 4971 Χρυσόστομος
1786 4900 1982 4973 λέγει·
2022 4918 2041 4951 ‹
2086 4901 2183 4962 Ὃς
2223 4897 2292 4952 ἂν
2331 4899 2463 4969 δοκῇ
2505 4897 2663 4964 φίλος
2726 4893 2867 4950 εἶναι
2931 4896 3042 4950 τῶν
3083 4894 3415 4967 αίρετικῶν,
3461 4894 3658 4966 ἐχθρὸς
3708 4894 3807 4947 τοῦ
3851 4887 3979 4945 Θεοῦ

708 4994 1060 5048 καθίσταται.
1105 4984 1131 5044 ἶ

784 5085 928 5141 XVI.
958 5085 1101 5140 Sane
1128 5099 1185 5139 ιιι
1217 5090 1335 5156 quis
1364 5103 1553 5143 sacras
1580 5088 1890 5156 Scripturas
1922 5088 2031 5153 ipse
2063 5084 2293 5138 scrutari

2466 5081 2586 5149 ις’.
2614 5082 2673 5135 '0
2708 5082 2807 5152 μὲν
2835 5082 3138 5152 δυνάμενος
3159 5085 3390 5154 ἐρευνᾷν
3415 5082 3515 5146 τὰς
3546 5082 3701 5146 θείας
3735 5082 3979 5153 Γραφὰς.

710 5178 912 5241 valeat,
946 5193 1009 5231 ac
1040 5189 1351 5233 sanctorum
1398 5178 1619 5233 Patrum
1672 5180 1971 5249 intelligere
2017 5181 2293 5247 dogmata,

2403 5173 2500 5226 καὶ
2535 5176 2677 5225 νοεῖν
2709 5174 2779 5226 τὰ
2805 5174 3055 5244 δόγματα
3083 5176 3194 5229 τῶν
3223 5176 3399 5242 ἁγίων
3427 5176 3717 5245 Πατέρων,
3756 5174 3979 5245 εὑρήσει

711 5270 846 5324 istos
888 5269 1023 5323 alios
1057 5283 1246 5323 omnes
1283 5270 1565 5322 hmreticos
1598 5268 1887 5336 plurimum
1925 5265 2296 5335 itnpietatibus

2399 5262 2632 5327 τούτους
2665 5264 2810 5335 ὑπὲρ
2838 5267 3049 5328 πάντας
3089 5268 3218 5330 τοὺς
3252 5267 3448 5329 ἄλλους
3494 5267 3825 5335 αἱρετικοὺς
3867 5268 3978 5326 ταῖς

713 5370 974 5423 Superare
1026 5356 1261 5411 inveniet
1303 5374 1319 5412 :
1368 5367 1428 5411 ut
1479 5359 1567 5411 alii
1603 5358 1817 5426 quidem
1873 5356 2115 5409 haeretici
2162 5356 2296 5409 satis

2399 5356 2684 5420 ἀσεϐείαις
2745 5357 2881 5410 πολὺ
2942 5358 3416 5427 ὑπερϐαίνονταςο
3466 5358 3610 5411 ὥστε
3662 5360 3792 5421 τοὺς
3847 5358 3977 5427 μετὰ

714 5448 1025 5513 habuerint,
1076 5450 1267 5518 singuli
1299 5450 1365 5503 ab
1409 5466 1510 5504 una
1544 5450 1722 5519 aliqua
1755 5448 1961 5520 synodo
1994 5449 2245 5502 devoveri
2280 5464 2292 5501 :

2400 5449 2596 5512 ἄλλους
2636 5451 2954 5521 αίρετικοὺς
2997 5453 3230 5523 ἀρκετὸν
3270 5448 3410 5505 εἶναι
3452 5452 3558 5504 ὑπὸ
3591 5454 3726 5518 μιᾶς
3761 5451 3974 5505 συνόδου

717 5540 813 5592 hos
845 5548 1024 5593 autem
1060 5554 1246 5594 eorum
1280 5544 1568 5612 impietatis
1596 5542 1766 5596 duces
1800 5556 1864 5595 ac
1898 5540 2205 5610 magistros,
2231 5553 2297 5595 eo

2398 5543 2498 5598 ινα
2527 5543 2763 5597 ἕκαστον
2799 5542 2982 5597 αὐτῶν
3009 5545 3538 5615 ἁναθεματισθῆναι.
3596 5543 3839 5609 Τούτους
3865 5542 3972 5613 (55)

786 5676 829 5708 ³⁷
885 5676 1075 5734 Matth.
1107 5697 1201 5747 vn,
1240 5681 1323 5736 16.
1402 5681 1445 5713 ³⁸
1484 5679 1525 5737 ll
1572 5680 1725 5737 Joano
1771 5681 1859 5748 10p
1897 5681 1980 5735 “-

785 5807 901 5875 lii-4)
932 5806 1066 5874 Lege
1098 5809 1300 5876 ἔργοις.

2467 5810 2578 5880 (55)
2607 5808 2766 5865 Forte
2794 5804 2939 5863 οὗτοι
2971 5810 3027 5863 δὲ
3061 5811 3129 5863 οἱ.
