4194 6444
218 400 355 466 1213

1263 401 1549 462 ORATIO
1592 401 1613 458 l
1657 400 1950 461 CONTRA
2001 402 2414 464 ARMENIOS.

3343 402 3474 465 I914

211 512 270 566 δὲ
308 512 437 575 τοὺς
478 512 577 582 τῆς
608 512 863 574 ἀσεϐείας
890 510 1073 564 αὐτῶν
1097 512 1377 581 ἀρχηγοὺς
1410 512 1504 563 καὶ
1535 512 1790 563 διδασκά-

1898 514 2040 580 quod
2089 528 2195 579 prae
2230 513 2499 567 haereticis
2529 511 2650 565 aliis
2681 512 3021 575 audaciores,
3054 527 3117 565 ac
3146 509 3336 579 majori
3375 516 3477 569 im-

212 605 364 668 λους,
417 606 610 675 ἐπειδὴ
662 606 772 657 τῶν
820 604 997 658 ἄλλων
1054 605 1350 675 αἱρετικῶν
1402 604 1794 673 τολμηρότεροι

216 699 314 748 καὶ
364 696 723 767 ἀσεϐέστεροι
774 696 1083 765 γενόμενοι,
1153 696 1353 766 μυρίας
1401 697 1644 764 αἱρέσεις
1700 696 1796 748 καὶ

219 788 578 857 βλασφημίας
634 791 727 841 καὶ
779 790 1044 860 ἀρνήσεις
1104 789 1243 841 κατὰ
1282 789 1380 857 τῆς
1425 788 1520 841 τοῦ
1558 788 1794 858 Χριστοῦ

219 880 582 950 σαρκώσεως,
613 884 707 934 καὶ
739 881 1023 943 εὐσεϐείας
1070 881 1377 935 ὲπλάσαντο
1400 923 1414 943 ,
1445 881 1540 934 καὶ
1576 898 1797 949 χριστο-

221 972 392 1040 μάχοι
430 972 727 1042 προφανῶς
767 974 1181 1042 ἀνεδείχθησαν,
1242 974 1339 1040 οὐχ
1384 973 1487 1024 ὑπὸ
1538 975 1666 1042 μιᾶς
1703 974 1798 1025 καὶ

220 1070 395 1138 μόνης
461 1070 695 1122 συνόδου
759 1070 1213 1139 κατεκρίθησαν“
1277 1069 1392 1121 ἀλλ’
1428 1068 1530 1119 ὑπὸ
1587 1067 1798 1119 πολλῶν

216 1162 315 1213 καὶ
356 1162 608 1231 μεγάλων
641 1162 1037 1232 οἱκουμενικῶν
1072 1163 1165 1214 καὶ
1194 1160 1436 1213 τοπικῶν
1460 1161 1629 1227 ἁγίων
1668 1176 1797 1211 συν-

215 1253 356 1306 όδων
383 1255 811 1323 κατακριθέντες
833 1257 928 1306 καὶ
957 1253 1504 1322 ἀναθεματισθέντες.

289 1347 392 1398 IZ’.
437 1346 541 1398 Τὸν
604 1344 703 1414 μὲν
755 1347 863 1416 γὰρ
906 1345 1128 1415 Ἀρειον
1170 1348 1313 1399 κατὰ
1368 1344 1462 1397 τοῦ
1518 1343 1645 1395 Tia-3
1704 1343 1797 1395 τοῦ

216 1438 356 1490 Θεοῦ
410 1436 869 1508 βλασφημοῦντα,
924 1439 956 1507 ή
1013 1437 1205 1507 πρώτη
1260 1437 1392 1503 ἀγία
1445 1436 1797 1505 οίκουμενικὴ

218 1532 466 1594 σύνοδος,
499 1532 609 1583 τῶν
656 1538 764 1599 τιη¹
806 1530 977 1597 ἁγίων
1009 1532 1267 1599 Πατὲρων
1295 1529 1655 1595 ἀνεθεμάτισε
1680 1529 1799 1580 ’τὸν

215 1621 275 1672 δὲ
313 1620 773 1687 πνευματομάχον
811 1618 1163 1678 Μακεδόνων,
1204 1617 1313 1668 τῶν
1341 1616 1416 1687 ρν⁹
1472 1619 1642 1685 ἁγίων
1689 1621 1800 1671 Πα-

214 1714 517 1781 τέρων.....
607 1710 1090 1782 Βλασφημοῦντα,
1146 1712 1241 1764 καὶ
1302 1710 1456 1780 ψιλὸν
1512 1712 1796 1781 ἄνθρωπον

216 1806 383 1858 αὐτὸν
420 1804 672 1872 λέγοντα,
707 1806 799 1857 καὶ
830 1804 1253 1874 ἀνθρωποτόκον
1284 1804 1384 1874 τὴν
1425 1804 1642 1874 ἀληθῶς
1669 1806 1797 1855 Θεο-

214 1897 382 1949 τὸκον
412 1896 845 1965 δογματίσαντα,
896 1897 927 1964 ή
973 1898 1033 1947 ὲν
1060 1895 1274 1966 Ἐφέσῳ
1309 1897 1500 1966 πρώτη
1536 1896 1644 1947 τῶν
1675 1895 1792 1947 δια-

218 1988 424 2039 κοσίων
488 1987 794 2039 Θεσπεσίων
842 1987 1123 2056 Πατέρων,
1176 1990 1207 2056 ἡ
1256 1988 1388 2060 ἁγία
1442 1987 1794 2055 οἶκουμενικὴ

218 2081 379 2150 τρίτη
416 2080 678 2143 σύνοδος,
719 2081 941 2133 καθεῖλε
992 2082 1087 2132 καὶ
1142 2064 1513 2151 ἀπεκήῇυξεν.
1554 2081 1796 2151 Εύτυχέα

217 2169 273 2220 δὲ
304 2170 399 2221 καὶ
435 2168 729 2239 Διόσκορον
753 2209 766 2231 ,
800 2167 1067 2237 Τιμόθεον
1115 2170 1208 2220 τὸν
1252 2170 1514 2240 Λίλουρον
1536 2211 1549 2230 ,
1591 2171 1796 2240 Πέτρον

218 2261 309 2311 τὸν
344 2259 592 2326 Κναςρέα,
628 2258 741 2324 fatal.
784 2258 1043 2312 Ἰάκωϐον
1089 2261 1181 2312 τὸν
1232 2259 1427 2331 Σύρον,
1485 2262 1792 2327 ’ῐουλιανὸν,

220 2349 310 2400 καὶ
345 2348 606 2417 Σευῆρον,
644 2348 736 2399 καὶ
768 2349 894 2409 τοὺς
929 2347 1245 2417 ὁμόφρονας
1273 2350 1455 2402 αὐτῶν
1478 2368 1493 2382 ·
1525 2352 1794 2421 πρότερον

222 2437 320 2505 μὲν
382 2438 610 2507 μηδέπω
666 2438 874 2491 τούτων
939 2441 1349 2507 ἀναφανέντων,
1411 2443 1710 2514 Γρηγόριος
1769 2448 1797 2497 6

219 2528 678 2600 Θαυματουργὸς,
727 2532 1050 2595 Ἀθανάσιος
1081 2536 1109 2586 6
1157 2535 1357 2601 μέγας,
1412 2535 1715 2606 Γρηγόριος
1769 2539 1796 2590 ὀ

218 2620 502 2689 Θεολόγος,
530 2624 831 2693 Γρηγόριος
857 2625 884 2676 ὀ
914 2623 1214 2695 Νύσσης,Ἀ
1228 2627 1790 2698 μϐρώσιος,Ἐς;ραὶμ,

230 2711 489 2781 Ἰωάννης
544 2713 572 2763 6
626 2714 1048 2782 Χρυσόστομος,
1119 2715 1472 2786 Σίλϐεστρος,
1550 2716 1792 2782 Ἰούλιος,

218 2803 513 2871 Δάμασος,
554 2806 825 2875 Κύριλλος
867 2806 1264 2877 Ἰεροσολύμων
1295 2848 1309 2871 ,
1344 2809 1611 2879 Κύριλλος
1642 2811 1793 2863 Ἀλε-

222 2896 530 2968 ξανδρείας,
581 2898 920 2966 Ἐπιφάνιος,
972 2898 1256 2964 Βασίλειος
1297 2904 1326 2955 6
1375 2902 1568 2969 Μέγας
1598 2920 1610 2931 ·
1645 2904 1796 2970 ίσάγ-

222 2988 373 3054 γελοι
406 2990 502 3042 καὶ
533 2989 784 3060 θεοφόροι
808 2992 904 3043 καὶ
928 2992 1341 3061 θαυματουργοὶ
1375 2995 1468 3045 καὶ
1504 2996 1797 3063 σημειοφό-

224 3096 306 3150 ροι
361 3080 509 3146 ἅγιοι
564 3082 831 3151 Πατέρες,
884 3084 1261 3151 προφητικῶς,
1298 3085 1372 3145 ὡς
1425 3085 1516 3136 τὸν
1551 3087 1791 3153 Ἀρειον,

222 3171 316 3223 καὶ
368 3171 701 3236 Μανιχαῖον,
746 3173 838 3224 καὶ
902 3174 1333 3244 ’Δπολλινάριον,
1380 3176 1579 3244 ὁμοίως
1612 3179 1793 3241 αὐτοῖς
1821 3210 1866 3272 C

223 3263 318 3315 καὶ
348 3265 476 3325 τοὺς
512 3264 641 3333 μίαν
660 3264 825 3331 φύσιν
855 3266 913 3316 ἐν
942 3267 1162 3335 Χριστῷ
1190 3267 1674 3335 βλασφημοῦντας,
1701 3270 1794 3321 καὶ

220 3353 319 3423 τὴν
352 3354 586 3423 θεότητα
614 3354 784 3408 αὐτοῦ
832 3355 1082 3423 παθητὴν
1127 3357 1221 3407 καὶ
1269 3357 1472 3427 θνητὴν
1522 3359 1798 3429 δογματί-

220 3444 434 3511 ζοντας,
497 3446 760 3515 μυριάκις
802 3444 1247 3514 ἀνεθεμάτισαν*
1303 3448 1684 3517 ἀναφανέντας
1740 3450 1797 3503 δὲ

220 3537 418 3599 αὐτούς
467 3553 481 3567 ο
530 3537 674 3605 λέγω
708 3537 772 3606 δὴ
812 3538 1063 3606 Εὐτυχέα
1103 3538 1195 3589 καὶ
1249 3540 1578 3609 Διόσκορον,
1623 3543 1796 3611 Τιμό-

221 3628 365 3691 θεον,
407 3628 503 3680 καὶ
533 3628 760 3699 Πέτρον,
804 3630 902 3681 καὶ
933 3628 1243 3695 Ἰουλιανδν,
1282 3632 1377 3683 καὶ
1404 3632 1528 3694 τοὺς
1562 3634 1797 3702 ὁμόφρο-
1821 3664 1834 3674 ο

220 3736 318 3779 νας
350 3717 531 3770 αὐτῶν
559 3734 574 3749 ο
616 3716 835 3789 πρῶτον
874 3718 998 3788 μὲν,
1031 3720 1183 3772 Λέων
1223 3722 1250 3772 6
1281 3722 1493 3788 Μέγας,
1543 3725 1633 3775 καὶ
1660 3725 1797 3777 Φλα-

221 3808 409 3870 ϐιανὸς
437 3809 486 3860 οἱ
520 3809 819 3875 ἁγιώτατοι
857 3824 870 3836 '
910 3811 1005 3863 καὶ
1045 3812 1076 3880 ἡ
1110 3812 1324 3879 μεγάλη
1347 3854 1360 3873 ,
1399 3816 1494 3867 καὶ
1542 3816 1795 3884 οἰκουμε-

220 3900 345 3969 νικὴ
375 3901 486 3953 τῶν
536 3900 613 3970 χλ¹
646 3901 921 3970 θεοφόρων
953 3902 1216 3971 Πατέρων
1251 3907 1307 3956 ἐν
1333 3903 1639 3974 Χαλκηδόνι
1666 3910 1796 3975 ἁγία

222 3995 463 4057 σύνοδος,
515 3994 834 4054 καθελόντες
872 3994 1072 4056 αὐτοὺς
1118 3996 1212 4048 καὶ
1268 3996 1793 4066 ἀναθεματίσαντες,

220 4087 297 4157 τῷ
327 4085 561 4154 διαϐόλῳ
595 4085 941 4155 παρέδωκαν.
986 4087 1266 4148 Ὡσαύτως
1299 4088 1356 4140 δὲ
1389 4089 1482 4140 καὶ
1511 4090 1569 4141 ἐν
1598 4089 1799 4160 Ἰερου-

222 4174 429 4242 σαλὴμ,
459 4174 553 4224 ἐπὶ
576 4171 944 4224 Ἀνάστασίου
982 4172 1076 4224 τοῦ
1120 4173 1355 4236 ἀσεϐοῦς
1389 4174 1673 4245 βασιλέως,
1703 4179 1797 4231 καὶ

230 4266 484 4320 Ἰωάννου
528 4264 871 4335 πατριάρχου
932 4266 1345 4336 Ἰεροσολύμων,
1378 4268 1659 4334 Θεοδόσιος
1704 4273 1797 4323 καὶ

219 4355 404 4417 Σάϐας
438 4355 489 4406 οἱ
522 4354 840 4422 ἁγιώτατοι,
877 4356 1301 4425 δέκαιχιλιάδας
1344 4358 1572 4430 πλήρεις
1625 4362 1796 4415 ἀϐϐέι-

218 4447 316 4509 δας
373 4445 737 4517 ὲρημιτικοὺς
803 4447 1074 4515 μοναχοὺς
1133 4448 1477 4511 συνάξαντες.
1551 4453 1795 4522 Εὐτυχέα

1826 1852 1873 1910 Β

1900 601 2097 669 pietate
2130 600 2327 663 affecti,
2366 602 2680 654 innumeras
2712 602 2966 662 bzereses,
2999 615 3062 653 ac
3094 600 3475 668 blasphemias,

1898 702 1952 744 et
2009 693 2328 759 negationes
2380 693 2642 747 adversus
2689 692 2888 746 Christi
2942 693 3363 747 incarnationem
3414 704 3478 747 ac

1898 785 2151 850 pietatem
2186 780 2589 847 conﬂuxissent,
2620 798 2683 836 ac
2714 782 3000 851 perspicue
3045 779 3248 835 Christi
3284 799 3341 837 se
3379 783 3477 837 ad-

1899 877 2168 930 versarios
2213 873 2601 943 prodidissent,
2631 876 2828 926 nedum
2860 874 2928 925 ab
2964 889 3067 926 una
3116 889 3180 927 ac
3216 874 3475 941 singulari

1900 968 2102 1039 synodo
2137 968 2379 1019 damnari
2427 969 2688 1032 oportuit,
2741 982 2925 1020 verum
2963 981 2992 1019 a
3035 967 3218 1020 multis
3244 968 3482 1035 magnis-

1900 1073 2002 1127 que
2058 1059 2450 1111 universalibus
2512 1073 2574 1111 ac
2634 1057 2894 1110 localibus
2985 1059 3160 1112 sacris
3219 1057 3475 1127 synodis,

1900 1150 2162 1220 proscribi
2202 1165 2423 1203 necesse
2455 1149 2576 1213 fuit,
2612 1164 2674 1202 ac
2712 1135 2983 1204 devo‘veri.

1971 1342 2134 1396 XVII.
2168 1344 2352 1395 Arium
2402 1341 2617 1408 quidem
2667 1341 2926 1392 adversus
2980 1337 3069 1390 Dei
3121 1332 3312 1388 Filium
3364 1336 3476 1389 bla-

1900 1436 2308 1504 sphemantem,
2350 1433 2521 1499 prima
2574 1442 2755 1483 sancta
2817 1427 3148 1481 mcumenica
3205 1427 3475 1494 synodus,

1901 1537 2210 1581 sanctorum
2272 1540 2499 1578 cccxvm
2552 1521 2774 1575 Patrum
2813 1521 3054 1585 devovit;
3106 1519 3476 1573 Maccdooium

1903 1628 2079 1671 autem
2129 1618 2363 1685 Spiritus
2398 1616 2569 1669 sancti
2619 1611 3016 1674 adversarium,
3050 1626 3114 1664 cr.
3162 1619 3476 1663 sanctorum

1901 1709 2236 1762 Patrum...”
2293 1706 2621 1777 (Nestorium
2678 1704 2827 1771 vero)
2882 1701 3364 1769 blasphemantem,
3417 1713 3478 1751 ac

1903 1816 2091 1870 purum
2121 1800 2393 1853 hominem
2424 1798 2596 1865 ipsum
2628 1796 2917 1855 dicentem,
2949 1808 3011 1847 ac
3045 1802 3269 1845 matrem
3303 1792 3479 1845 homi-

1908 1896 2008 1957 nis,
2046 1909 2162 1961 quae
2195 1908 2316 1947 vere
2350 1892 2644 1954 lleiparens
2671 1901 2835 1950 esset,
2878 1889 3045 1956 prima
3085 1887 3350 1955 Ephesina
3397 1888 3478 1940 di-

1907 1970 2148 2038 vinorum
2218 1984 2571 2037 ducentorum
2633 1981 2848 2033 Patrum
2906 1988 3089 2032 sancta
3144 1980 3475 2032 (nt-tunenica

1906 2079 2063 2132 tertia
2116 2078 2376 2146 synmltts,
2428 2075 2675 2142 deposn't
2726 2071 3164 2139 proscripsitque.
3214 2070 3281 2123 Αι
3318 2070 3478 2139 Euty-

1904 2173 2110 2224 cba‘tmn
2139 2186 2199 2223 ac
2238 2170 2573 2225 Dioscorum,
2598 2150 2940 2219 Timotheum
2969 2164 3233 2229 AZ'urum,
3262 2162 3473 2217 Petrum

1905 2265 2202 2325 Fullonrm,
2238 2263 2493 2317 Jacohutn
2525 2261 2737 2332 Syrum.
2766 2259 3059 2320 Julinnnm,
3096 2274 3155 2311 ac
3190 2257 3471 2331 Severum,

1904 2373 1963 2410 ac
2008 2357 2072 2409 iis
2122 2356 2369 2431 dogmate
2422 2352 2862 2416 consentientes;
2899 2352 3047 2421 prius
3093 2349 3305 2418 quidem
3352 2366 3471 2405 cum

1904 2448 2134 2503 necdum
2185 2446 2580 2515 apparuissent,
2626 2445 2918 2513 Gregorius
2964 2445 3048 2497 ille
3089 2444 3470 2498 miraculorum

1904 2549 2163 2605 patrator,
2198 2539 2423 2607 Magnus
2458 2538 2807 2599 Athanasius,
2831 2537 3121 2603 Gregorius
3147 2536 3468 2604 Theologus,

1901 2633 2194 2704 Gregorius
2240 2630 2536 2702 Nyssenus,
2567 2631 2902 2689 Ambrosius.
2934 2629 3164 2698 Ephrem
3190 2670 3205 2695 ,
3237 2629 3473 2684 Joannes

1902 2721 2333 2790 Chrysostomus,
2366 2719 2658 2790 Sylvester,
2701 2717 2896 2781 Julius,
2934 2719 3215 2783 Damasus,
3243 2718 3471 2787 Cyrillus

1903 2794 2442 2881 Hierosolymitanus,
2490 2810 2721 2883 Cyrillus
2772 2810 3191 2874 Alexandrinus,
3240 2812 3472 2877 Epipha-

1904 2905 2061 2966 nius,
2108 2904 2333 2957 Basilius
2382 2903 2637 2973 Magnns,
2675 2904 2878 2971 angelis
2909 2903 3111 2957 similes
3142 2920 3203 2956 ac
3246 2904 3471 2961 deifcri.

1904 2996 2401 3062 miraculorumque
2470 2980 2812 3062 patratorcs,
2878 3010 2940 3047 ac
3008 2995 3246 3063 signiferi
3300 2995 3471 3049 saneti

1904 3089 2114 3148 Patres.
2150 3088 2462 3155 prophetico
2514 3086 2725 3153 spiritu,
2788 3086 2861 3138 uti
2912 3084 3121 3149 Arium,
3185 3102 3249 3139 ac
3308 3085 3466 3139 Mani-

1903 3181 2130 3241 chaeum,
2170 3162 2688 3245 Apollinariumque,
2725 3176 2795 3230 ita
2839 3175 3042 3244 pariter
3071 3191 3190 3229 cum
3222 3175 3345 3238 illis,
3384 3191 3476 3231 eos

1901 3271 1993 3339 qui
2040 3280 2285 3322 naturam
2309 3282 2467 3319 unam
2507 3247 2568 3319 ἰιι
2587 3265 2803 3319 Christo
2832 3266 3299 3331 blasphemarent,
3333 3265 3475 3334 ejus-

1898 3376 2003 3429 que
2055 3359 2319 3413 Deitatem
2373 3340 2691 3427 passibilem
2738 3371 2802 3410 ac
2856 3356 3139 3411 mortalem
3210 3356 3475 3420 dicerent,

1901 3450 2172 3506 sexcentis
2215 3449 2427 3503 vicibus
2463 3448 2818 3502 devoverunt.
2856 3448 2953 3502 Ubi
2991 3458 3168 3501 autem
3203 3448 3477 3517 apparuis-

1900 3552 2039 3600 sent.
2075 3542 2364 3611 Entyches,
2414 3540 2654 3609 inquam,
2686 3550 2741 3594 et
2794 3539 3104 3604 Dioscorus,
3136 3538 3477 3608 Timotheus,

1898 3632 2222 3700 Petrusque,
2258 3646 2341 3703 .ac
2390 3622 2660 3695 Julianus,
2724 3631 2899 3698 iisque
2956 3630 3154 3684 similia
3202 3639 3475 3696 errantes;

1897 3725 2129 3794 primum
2161 3724 2376 3792 quidem
2424 3722 2775 3784 sanctissimi,
2812 3722 3036 3791 Magnus
3070 3721 3157 3775 ill'e
3183 3721 3314 3787 Leo,
3355 3721 3480 3777 Fla-

1899 3818 2130 3880 vianus,
2200 3830 2500 3884 magnaque
2564 3826 2620 3867 et
2688 3814 3022 3869 mcnmenica
3094 3823 3476 3867 sescentorum

1900 3908 2116 3975 trig-nta
2163 3922 2193 3959 a
2225 3905 2332 3959 Deo
2376 3896 2675 3968 amatorum
2715 3904 2928 3958 Patrum
2966 3916 3151 3959 sancta
3184 3905 3479 3958 Chalcedo-

1901 3999 2084 4050 nensis
2138 3998 2409 4066 synodus,
2466 4012 2558 4049 eos
2606 3996 2937 4065 deponentcs
3001 4012 3064 4051 ac
3117 3998 3472 4062 devoventes,

1900 4087 2111 4139 diabolo
2155 4087 2507 4139 tradiderunt.
2554 4082 2817 4140 Similiter
2858 4096 3037 4139 autem
3092 4085 3145 4139 in
3176 4083 3473 4139 Jerusalem

1900 4194 2111 4246 quoque
2141 4179 2243 4232 sub
2279 4177 2445 4248 impio
2480 4178 2807 4246 imperatore
2834 4178 3145 4241 Anastasio,
3176 4192 3241 4231 ac
3267 4175 3477 4229 Joanne

1901 4269 2396 4339 Hierosolymorum
2416 4267 2746 4354 patriarcha,
2771 4269 3098 4322 sanctissimi
3119 4267 3475 4330 Theodosius,

1901 4378 1964 4416 ac
1994 4361 2183 4424 Sabas,
2222 4360 2639 4432 congregatione
2685 4359 2824 4412 facta
2865 4360 3050 4413 decem
3083 4358 3307 4411 millium
3338 4373 3474 4427 prae.

1902 4452 2195 4521 pomorum
2257 4467 2318 4504 ac
2369 4452 2760 4505 monachorum
2787 4451 2975 4513 eremi,
3002 4449 3354 4520 Eutychetem
3411 4462 3474 4501 ac

219 4540 315 4592 καὶ
358 4538 672 4607 Διόσκορον,
709 4537 1007 4606 Τιμόθεον,
1046 4540 1252 4608 Πέτρον
1282 4542 1371 4593 τὸν
1398 4544 1648 4612 Κναφέα,
1702 4547 1795 4598 καὶ

1903 4544 2243 4605 Dioscorum,
2292 4542 2660 4607 TimOIheum,
2709 4542 2927 4596 Petrum
2977 4540 3276 4605 Fullonem,
3311 4540 3474 4594 Seve-

218 4628 486 4697 Σευῆρον,
530 4628 627 4681 καὶ
672 4629 801 4690 τοὺς
834 4627 1039 4681 τούτων
1089 4630 1420 4699 ὁμόφρονας,
1477 4632 1555 4702 τῷ
1602 4635 1799 4687 ἀναθέ.

223 4736 353 4786 ματι
406 4718 754 4788 παρέδωκαν.
817 4719 928 4772 Καὶ
988 4721 1022 4788 ἡ
1083 4722 1310 4791 πέμπτη
1360 4722 1418 4774 δὲ
1480 4724 1649 4790 ἁγία,
1703 4729 1798 4779 καὶ

219 4813 577 4883 οίκουμενικὴ
623 4812 863 4878 σύνοδος,
918 4814 1030 4866 τῶν
1066 4814 1173 4883 ρξε’
1234 4817 1405 4884 ἀγίων
1441 4820 1699 4891 Πστέρων
1738 4822 1796 4875 ὲν

218 4906 1191 4971 Κωνσταντινουπόλει,συνελθοῦσα
1252 4911 1345 4962 ἐπὶ
1410 4912 1794 4967 Ἰουστινιανοῦ

221 4998 492 5069 βασιλέως
523 4996 637 5050 τοῦν
655 4998 916 5068 μεγάλου,
950 4999 1044 5050 καὶ
1073 5000 1174 5070 τὴν
1205 5003 1262 5053 ὲν
1302 5002 1602 5072 Χαλκηδόνι
1633 5005 1795 5071 ἁγίαν

223 5090 448 5143 σύνοδον
482 5086 901 5159 ἐπικυρώσασα,
934 5090 1187 5161 Εὐτυχέα
1218 5094 1312 5144 καὶ
1338 5094 1629 5166 Διόσκορον
1650 5135 1665 5160 ,
1701 5098 1796 5151 καὶ

218 5184 344 5243 τοὺς
376 5181 687 5250 ὁμόφρονας
721 5182 902 5234 αὐτῶν
931 5182 1407 5252 ἀναθεματίσασα.

291 5273 402 5324 IH'.
459 5271 630 5324 Πάλιν
678 5270 736 5323 δὲ
778 5272 973 5341 Μηνᾶς
1028 5274 1056 5324 ὁ
1107 5272 1412 5339 ἀγιώτατος
1455 5278 1794 5349 πατριάρχης

221 5362 900 5428 Κωνσταντινουπόλεως,
948 5365 1046 5416 καὶ
1090 5367 1399 5438 Ἀγαπητὸς
1430 5369 1458 5420 6
1488 5373 1797 5439 τρισμακά-

222 5472 341 5526 ριος
371 5456 562 5517 πὰπας
593 5454 840 5526 Ῥώμης,
865 5457 1008 5511 κατὰ
1046 5459 1364 5530 Διοσκόρου,
1396 5464 1488 5515 καὶ
1528 5465 1790 5534 Σευήρου,

222 5550 317 5603 καὶ
349 5548 561 5617 Πέτρου
588 5546 683 5601 τοῦ
714 5548 1010 5617 Κναφέως,
1041 5552 1136 5603 καὶ
1168 5553 1381 5620 Πέτρου
1418 5555 1642 5623 Μογγοῦ
1671 5557 1794 5609 σύν-

220 5643 339 5695 οδον
377 5640 859 5713 συναθροίσαντες,
891 5643 1139 5709 τούτους,
1174 5646 1269 5697 καὶ
1302 5646 1401 5707 τάς
1425 5648 1631 5701 τούτων
1678 5651 1795 5702 θεο-

226 5735 437 5806 μάχους
494 5734 838 5807 συγγραφὰς,
892 5735 989 5790 καὶ
1052 5737 1178 5800 τοὺς
1238 5738 1443 5793 τούτων
1484 5743 1791 5813 ὁμόφρονας

225 5826 754 5896 ἁναθεματίσαντες,
789 5828 866 5899 τῷ
898 5828 1130 5897 διαϐόλῳ
1158 5831 1508 5901 παρέδωκαν.

1878 4632 2041 4695 ‘rum,
2073 4648 2137 4687 ac
2184 4649 2470 4703 sequaces.
2502 4633 2837 4687 anathemati
2874 4632 3229 4685 tradiderunt.
3282 4629 3384 4683 Sed
3419 4638 3475 4683 et

1899 4729 2085 4796 quinta
2143 4736 2328 4779 sancta
2377 4725 2709 4779 ozeumenica
2742 4723 3003 4794 synodus,
3047 4733 3262 4778 centum
3314 4737 3473 4775 sexa«

1898 4820 2041 4887 ginta
2072 4818 2310 4887 quinque
2341 4830 2653 4871 sanctorum
2683 4816 2928 4883 Patrum,
2950 4812 3470 4880 Constantinopolim

1864 4908 1996 4971 _sub
2039 4922 2232 4977 magno
2278 4905 2583 4960 Justiniano
2629 4910 2954 4975 Imperatore
3001 4906 3359 4969 conveniens,
3408 4918 3473 4959 ac

1898 5007 2137 5053 sanctam
2206 4998 2469 5065 synodum
2546 4996 3036 5050 Chalcedonensem
3106 4996 3470 5057 conﬁrmans,

1897 5090 2250 5159 Eutychetem
2282 5097 2336 5143 et
2385 5087 2726 5153 Dioscorum,
2758 5089 2941 5156 eisque
2991 5088 3327 5140 adhaerentes
3374 5084 3470 5138 de-

1898 5194 2058 5236 νονιῑ.

1968 5286 2153 5342 XVIII.
2179 5290 2379 5341 Iterum
2409 5302 2536 5340 vero
2562 5286 2938 5340 sanctissimus
2962 5283 3141 5337 Menas
3163 5282 3470 5352 patriarcha

1895 5377 2552 5445 Constantinopolitanus,
2608 5392 2671 5429 ac
2732 5386 2811 5429 ter
2861 5376 3047 5428 beatus
3096 5388 3231 5445 papa
3283 5371 3493 5428 Romaz'

1895 5470 2188 5539 Agapctus,
2224 5470 2483 5522 adversus
2528 5467 2866 5531 Dioscorum,
2916 5481 2980 5520 ac
3029 5464 3312 5532 Severum,
3363 5464 3466 5518 Pe-

1897 5573 2146 5620 trumque
2180 5560 2478 5619 Fullonem.
2517 5574 2579 5612 ac
2620 5558 2836 5614 Petrum
2886 5557 3153 5630 Moggum,
3203 5558 3464 5629 synodum

1895 5666 2305 5723 congregantes,
2350 5660 2590 5715 eosdem,
2637 5666 2700 5704 ac
2738 5649 2847 5705 Dio
2896 5650 3235 5704 adversantia
3282 5663 3467 5702 eorum

1894 5748 2114 5809 scripta,
2154 5757 2449 5811 eorumque
2500 5743 2722 5797 haeresis
2769 5751 3065 5796 sectatores
3114 5741 3460 5802 dcvoventes,

1896 5836 2105 5890 diabolo
2143 5835 2492 5889 tradiderunt.
