4194 6444
212 439 355 506 1929

1272 449 1555 510 ORATIO
1603 450 1656 509 i1
1698 450 1994 513 CONTRA
2040 456 2453 517 ARMENIOS.

3340 461 3477 524 1230

209 557 447 625 Χριστοῦ
481 556 768 627 βάπτισμα
822 557 1128 628 λαμϐάνει·
1173 579 1188 612 ι
1243 563 1336 614 καὶ
1397 563 1558 615 πάλιν
1594 564 1742 629 λέγει
1784 581 1797 594 ·
1830 568 1865 627 Α

1830 568 1876 627 Α
1905 565 2254 636 Rursumque
2289 573 2362 624 ait
2399 590 2412 626 :
2453 590 2469 622 ι
2513 575 2589 626 Ac
2623 572 2823 627 Christi
2867 574 3083 644 quidem
3129 577 3470 634 Nativitatem

214 665 231 695 ι
266 645 380 714 Τὴν
403 645 500 699 οὖν
535 649 815 717 Γὲννησιν,
883 649 950 702 τὰ
1039 653 1224 704 εἰκότα.
1295 658 1755 724 προεωρτὰσαμεν
1781 695 1794 709 .

208 736 314 802 εγὼ
349 737 452 805 μὲν
485 740 511 790 ὁ
545 739 644 801 τῆς
668 741 860 808 ἑορτῆς
887 740 1135 810 ἔξαρχος,
1161 744 1254 795 καὶ
1279 745 1436 811 ὑμεῖς
1467 761 1479 773 ·
1523 765 1538 794 ι
1576 745 1799 798 eams-

206 844 322 887 του,
357 828 948 898 πάλινδιαχωρίζειτὰ
996 833 1234 902 Χριστοῦ
1292 834 1457 887 Γέννα
1509 837 1614 888 ἀπὸ
1685 836 1790 888 τῶν

210 917 430 983 Φὼτων,
460 919 640 982 καθὼς
676 920 769 972 καὶ
797 921 960 974 πάλιν
1001 922 1148 989 λέγει
1181 940 1192 953 ·
1235 943 1252 973 ι
1305 925 1457 977 Ἐπεὶ
1509 927 1562 977 δὲ
1612 926 1801 994 βαπτίο

212 1026 442 1074 σματος,
479 1013 512 1078 ἡ
543 1014 876 1080 πανήγυρις,
908 1013 1002 1064 καὶ
1031 1013 1111 1064 δεῖ
1144 1017 1467 1084 μικρότερον
1495 1032 1801 1084 προσκακο-

212 1097 457 1165 παθῆσαι
498 1100 576 1165 τῷ
604 1100 670 1150 δι’
721 1101 870 1168 ἡμᾶς
902 1101 1244 1170 μορφωθὲντι
1299 1103 1391 1154 καὶ
1426 1104 1798 1172 βαπτισθέντι·

213 1188 373 1254 ἡμεῖς
440 1187 494 1238 δὲ
545 1193 868 1258 τιμήσωμεν
937 1191 997 1242 τὸ
1053 1191 1144 1244 τοῦ
1207 1193 1444 1263 Χριστοῦ
1516 1195 1801 1264 βάπτισμα

215 1282 478 1347 σήμερον,
519 1280 613 1331 καὶ
645 1280 822 1342 καλῶς
851 1283 1220 1352 ἑορτάσωμεν.
1271 1304 1289 1336 ι

287 1421 292 1425 .
823 1375 1065 1440 Α7ρεσις
1101 1383 1191 1442 ιγ’.

285 1460 386 1512 ΙΖ’.
421 1460 590 1514 τοῦτο
620 1465 735 1514 ἐστι
763 1464 970 1534 μεγάλη
1030 1467 1241 1535 αἵρεσις
1264 1485 1277 1496 ·
1335 1469 1413 1520 ὅτι
1461 1470 1805 1538 ἑορτάζουσιν

226 1550 563 1620 Ἰανουαρίου
591 1551 635 1604 θ’
662 1554 820 1606 ἄλλον
847 1555 1388 1626 Εὑαγγελισμὸν,καὶ
1410 1560 1669 1628 ψάλλουσι
1697 1566 1797 1635 την

217 1642 640 1712 Εὑαγγελισμοῦ
671 1645 1013 1710 ἀκολουθίαν,
1056 1649 1145 1700 καὶ
1177 1649 1392 1716 λέγουσι
1441 1653 1501 1704 τὸ
1558 1653 1804 1722 Εὐαγγέ-

214 1736 326 1786 λιον
349 1734 462 1799 ’Τῷ
500 1735 652 1802 ἕκτῳ
669 1737 816 1804 μηνὶ
841 1737 1163 1806 ἀπεστάλη
1198 1743 1229 1794 ό
1277 1742 1646 1812 ἀρχάγγελος
1688 1750 1805 1800 ιάη

216 1825 393 1892 ϐριὴλ
439 1826 576 1894 πρὸς
624 1825 922 1894 Παρθένον.
975 1829 1081 1882 Καὶ
1141 1831 1206 1882 ἂν
1243 1833 1369 1903 θέλῃ
1423 1852 1505 1898 τις
1562 1839 1805 1908 ἀκριϐῶς

218 1915 536 1981 μανθάνειν,
576 1916 724 1968 ἔστιν
757 1917 898 1989 ὑπὲρ
924 1921 1274 1992 ἀνθρωπίνην
1337 1925 1501 1993 φύσιν
1528 1942 1541 1956 ·
1597 1928 1806 1983 δώδεκα
1840 1901 1878 1956 Β

215 2010 326 2074 γαρ
353 2005 523 2074 μῆνες
559 2007 898 2078 πληροῦνται
931 2011 1038 2063 ἀπὸ
1074 2012 1182 2064 τῶν
1234 2014 1665 2086 Εὑαγγελισμῶν
1712 2021 1807 2071 αὐ-

215 2098 344 2158 τῶν,
375 2096 481 2157 ἕως
503 2097 572 2149 τὰ.
604 2098 846 2166 Χριστοῦ
874 2099 1039 2151 Γένκια
1066 2102 1269 2156 αὐτῶν.

818 2193 1062 2259 Αἵρεσις
1100 2193 1182 2249 ιδ’.

289 2280 398 2336 lH'.
423 2283 601 2352 Ὅπερ
627 2284 744 2335 ἐστὶ
770 2286 978 2356 μεγάλη
1009 2290 1333 2360 στρεϐλότης
1355 2295 1447 2346 καὶ
1476 2296 1807 2368 ἀπωλυμὲνη

220 2375 460 2441 αἵρεσις.
514 2374 870 2445 Ἐορτάζουσι
899 2381 1006 2449 γὰρ
1050 2383 1382 2454 Ἰανουαρίου
1407 2389 1484 2450 εἰς
1512 2389 1609 2457 τὴν
1637 2388 1701 2459 ιβ’
1729 2393 1808 2452 είς

216 2469 311 2517 τὸν
333 2465 554 2535 ὃρθρον,
586 2468 678 2517 καὶ
707 2467 970 2535 ψάλλουσι
1010 2472 1071 2522 τὸ
1112 2472 1407 2544 Βάπτισμα
1443 2478 1537 2530 τοῦ
1575 2480 1805 2550 Κυρίου,

222 2558 314 2608 καὶ
343 2559 526 2608 πᾶσαν
554 2557 881 2612 ἀκολουθίαν
921 2561 1030 2613 τῶν
1064 2563 1263 2618 Φώτων
1283 2583 1296 2598 ο
1325 2568 1419 2619 καὶ
1476 2572 1554 2630 είς
1582 2571 1678 2639 τὴν
1710 2573 1807 2624 αὑ-

220 2647 317 2715 τὴν
349 2648 567 2718 ἡμέραν
591 2651 669 2710 είς
694 2649 793 2717 τὴν
826 2649 1168 2723 λειτουργίαν
1199 2657 1448 2724 λέγουσιν
1489 2661 1808 2716 ’Λπὸστολον

223 2741 318 2791 καὶ
350 2739 704 2806 Εὑαγγέλιον,
742 2741 834 2792 καὶ
857 2743 1037 2795 πᾶσαν
1069 2747 1390 2802 ἀκολουθίαν
1450 2755 1545 2822 τῆς
1583 2754 1808 2823 Περιτο-

227 2833 355 2900 μῆς.

845 2931 1088 2996 Αἵρεσις
1122 2938 1204 2983 ιε’.

297 3013 398 3068 ΙΘ’.
433 3016 558 3068 Ὅτι
595 3016 766 3088 μῦρον
799 3020 899 3072 οὑκ
925 3023 1131 3090 ἔχουσι,
1157 3026 1248 3076 καὶ
1279 3025 1376 3094 τὴν
1408 3025 1540 3096 ὓλην
1571 3027 1658 3079 τοῦ
1703 3028 1804 3097 μύ-

229 3122 321 3172 ρου
354 3106 416 3158 οὐ
455 3107 790 3172 γινώσκουσι
831 3113 995 3163 ποθεν
1019 3114 1248 3180 γίνεται.
1287 3115 1557 3182 Ἄγνοοῦσι
1586 3119 1692 3188 γὰρ
1718 3119 1810 3170 τὸν

1901 668 2022 726 apta
2063 659 2402 714 solemnitate
2439 665 2585 730 prius
2619 665 3031 733 celebravimus,
3071 677 3183 721 tum
3218 688 3316 738 ego
3349 669 3472 726 festi

1903 749 2011 803 dux
2056 760 2109 804 ct
2151 765 2372 820 auspex,
2410 765 2518 806 tum
2559 770 2672 810 vos.
2713 775 2732 808 ι
2771 757 2874 811 Pcr
2911 760 3011 813 hoc
3045 771 3223 815 autem
3261 779 3472 819 rursum

1903 849 2120 908 separat
2169 840 2370 897 Christi
2424 842 2670 900 Natalem
2720 848 2860 902 diem
2913 864 2940 900 a
2988 848 3123 905 festo
3164 850 3470 922 Luminum,

1903 931 2351 996 quemadmodum
2387 934 2548 986 etiam
2584 948 2764 1003 postea
2799 939 2914 992 ait:
2958 958 2975 989 ι
3008 939 3271 1005 Quooiam
3302 943 3474 1010 bapti-

1905 1022 2003 1072 smi
2034 1020 2228 1075 festum
2265 1035 2340 1075 cst
2364 1065 2378 1088 ,
2410 1041 2505 1093 par
2532 1035 2644 1088 est,
2676 1041 2730 1080 ιιι
2759 1031 2805 1082 ei
2839 1033 2927 1098 qui
2964 1034 3130 1086 nostri
3167 1049 3324 1086 causa
3357 1033 3471 1087 for-

1907 1120 2084 1164 matus
2114 1123 2215 1176 est,
2251 1129 2313 1166 ac
2346 1117 2522 1183 haptiz
2543 1125 2668 1180 itus,
2697 1120 2908 1174 abunde
2938 1123 3161 1177 dicendo
3193 1126 3478 1179 adlabore-

1909 1219 2054 1268 nius;
2087 1220 2182 1258 nos
2209 1217 2381 1259 autem
2413 1209 2566 1262 hodie
2598 1211 2797 1264 Christi
2832 1213 3090 1280 haptisma
3121 1216 3322 1269 honore
3352 1235 3476 1287 pro-

1907 1308 2214 1361 sequamur,
2243 1312 2305 1349 ac
2331 1297 2521 1352 festum
2560 1303 2786 1355 honeste
2817 1303 3152 1360 celebremus
3182 1307 3318 1375 (78).
3355 1330 3372 1361 ι

2507 1390 2736 1445 Ηαννρδὶδ
2773 1393 2858 1446 I3.

1979 1475 2141 1530 XVII.
2179 1476 2302 1532 llzec
2349 1495 2540 1550 magna
2584 1482 2801 1537 haeresis
2841 1495 2948 1550 est;
2990 1503 3110 1540 nam
3148 1505 3200 1542 ix
3235 1490 3473 1546 Januarii

1910 1565 2183 1621 celebrant
2227 1569 2385 1622 aliam
2432 1573 2940 1638 Annuutialionem,
2978 1593 3039 1630 ac
3083 1580 3321 1646 psallunt
3361 1584 3472 1636 An-

1911 1659 2267 1713 nuntiationis
2291 1660 2543 1723 cilicium,
2577 1663 2868 1731 dicuntque
2901 1668 3241 1738 Evangelium
3275 1691 3287 1726 :
3317 1673 3474 1728 Sexto

1911 1763 2083 1800 mense
2127 1750 2314 1802 missus
2361 1761 2437 1803 est
2481 1753 2823 1824 archangelus
2869 1754 3168 1813 Gabriel".
3201 1759 3376 1830 Atque
3421 1776 3479 1817 ut

1910 1840 2031 1906 quis
2057 1839 2182 1892 velit
2211 1840 2527 1909 intelligere,
2556 1856 2772 1911 superat
2803 1847 3049 1903 humanae
3080 1863 3285 1909 natura;
3319 1857 3479 1910 ratio-

1912 1945 2056 1981 nem.
2094 1930 2173 1982 Ab
2208 1945 2393 1983 eorum
2431 1934 2572 1986 enim
2605 1937 3135 2006 Annunliationibus,
3169 1947 3233 1998 ad
3271 1957 3478 2015 tempus

1911 2035 2016 2088 quo
2048 2021 2258 2076 Domini
2291 2021 2480 2076 Natale
2512 2024 2716 2091 colunt,
2751 2028 3045 2091 implentur
3076 2034 3142 2088 ιε
3171 2053 3403 2095 menses.

2532 2205 2765 2286 Heresis
2796 2210 2880 2263 14.

1976 2293 2165 2349 XVIII.
2218 2296 2346 2362 Quae
2406 2308 2486 2352 est
2537 2315 2727 2368 magna
2786 2305 3112 2370 perversitas
3162 2323 3226 2364 ac
3271 2313 3474 2380 perdita

1909 2381 2150 2436 lueresis.
2188 2381 2477 2438 Celebrant
2513 2386 2654 2440 enim
2689 2405 2763 2443 xu
2797 2389 3037 2448 Januarii
3081 2396 3132 2450 in
3176 2397 3473 2470 Matutinis,

1907 2489 1969 2528 ac
2015 2476 2246 2542 psallunt
2296 2476 2502 2532 Domini
2550 2479 2822 2549 Baptisma
2869 2501 2883 2538 :
2929 2496 3206 2560 totumque
3231 2494 3471 2552 Oﬂicium

1909 2564 2218 2631 Luminum,
2249 2571 2547 2637 eademque
2577 2573 2662 2627 die
2697 2576 2747 2627 in
2783 2575 2938 2631 Missa
2968 2580 3151 2636 dieunt
3184 2584 3473 2653 Epistulam

1907 2665 1958 2707 et
1988 2655 2354 2723 Eraugi-litnn,
2379 2675 2442 2713 ac
2471 2658 2716 2716 Ollicium
2750 2672 2915 2718 totum
2945 2668 3008 2723 de
3033 2669 3473 2736 Circumcisionc.

2509 2928 2740 2987 [heresis
2774 2935 2858 2987 15.

1979 3015 2120 3072 XIX.
2181 3017 2380 3072 Carent
2439 3035 2742 3088 unguento,
2799 3042 2895 3082 uec
2952 3032 3130 3087 sciunt
3187 3039 3326 3093 unde
3385 3044 3475 3097 fiat

1911 3111 2171 3178 unguenti
2213 3111 2458 3166 materia.
2489 3111 2740 3181 Ignorant
2765 3117 2906 3171 enim
2941 3125 3061 3189 quis
3093 3126 3234 3180 dicat
3262 3129 3423 3201 Moysi
3463 3153 3475 3186 :

226 3197 456 3264 λέγοντα
506 3199 580 3268 τῷ
639 3202 862 3254 Μωῦσεῖ
892 3220 904 3233 ·
969 3206 1050 3255 ὅτι
1094 3205 1247 3258 Λάϐε
1310 3207 1527 3261 ἐλαίαν
1579 3211 1646 3262 ἐκ
1692 3209 1876 3299 τῶνε

1836 3240 1876 3299 C
1913 3201 2072 3254 Sume
2103 3201 2272 3254 oleum
2300 3202 2363 3256 de
2390 3202 2559 3266 olivis,
2589 3213 2636 3256 et
2670 3205 2756 3273 fac
2789 3208 2956 3263 oleum
2991 3229 3054 3266 ex
3082 3232 3140 3269 eo
3159 3218 3223 3270 ⁵³.
3258 3197 3466 3292 Ungi"...

223 3290 463 3355 ἐλαιῶν,
499 3291 599 3345 καὶ
652 3294 900 3359 ποίησαι
960 3297 1171 3352 ἔλαιον
1195 3299 1267 3362 ἑξ
1312 3302 1517 3355 αὑτοῦ.
1551 3304 1809 3371 Χρίονται

224 3384 334 3453 γὰρ
366 3386 553 3453 ἱερεῖς,
583 3386 675 3436 καῖ¹
705 3386 963 3453 βασιλεῖς,
1003 3391 1096 3442 καὶ
1151 3392 1427 3462 προφῆται
1464 3409 1476 3422 °
1523 3394 1658 3462 ὅπερ
1719 3396 1812 3447 καὶ

225 3477 318 3526 ἐπὶ
349 3477 446 3527 τοῦ
481 3477 602 3529 Νῶε
633 3478 824 3547 πρώην
869 3484 934 3548 τῇ
999 3484 1294 3552 συνεργείᾳ
1344 3483 1438 3535 τοῦ
1494 3485 1812 3554 Πνεῦματος

224 3565 389 3630 ἔδειξε
421 3570 721 3637 περτστερὰ
749 3569 948 3638 ἔχουσα
984 3572 1190 3640 κάρφος
1213 3573 1398 3635 ἐλαίας
1443 3577 1501 3626 ἐν
1559 3577 1636 3646 τῷ
1692 3579 1810 3628 οτὸ-

226 3673 356 3723 ματι
380 3657 574 3727 αὐτῆς,
619 3663 881 3729 σημαῖνον
916 3662 992 3731 τῷ
1031 3664 1151 3715 Νι]λέ
1183 3665 1282 3735 τὴν
1323 3667 1418 3718 τοῦ
1446 3667 1579 3720 Θεοῦ
1610 3669 1808 3740 πολλὴν

224 3751 596 3820 χρηστότητα.
626 3752 846 3804 Ἐλαιον
884 3753 984 3823 μὲν
1017 3755 1122 3806 ἀπὸ
1146 3757 1347 3819 παντὸς
1378 3758 1548 3821 εἴδους
1577 3762 1804 3826 γίνεται.

238 3842 399 3893 Ἀλλὰ
428 3843 486 3894 τὸ
516 3845 693 3895 ἔλαιον
720 3845 823 3910 τῆς
855 3845 1088 3914 χρίσεως
1125 3848 1281 3900 τοῦτό
1305 3851 1473 3912 ἐστιν,
1523 3852 1658 3921 ὅπερ
1683 3854 1810 3905 ἔδω-

224 3951 320 3986 κεν
360 3935 425 3986 ἐκ
452 3935 545 3987 τοῦ
574 3935 732 4002 ἁγίου
759 3938 1099 4004 Πνεῦματος.
1130 3941 1292 3992 Αὐτοὶ
1322 3941 1376 3992 δὲ
1405 3943 1807 4012 ἐναντιούμενοι

223 4025 304 4093 τῷ
352 4025 524 4094 νόμῳ,
599 4029 694 4079 καὶ
757 4028 1087 4101 θεσμοθεσία
1140 4029 1248 4082 τῶν
1298 4031 1470 4098 ἁγίων
1526 4034 1802 4102 Πατέρων,

226 4117 478 4170 ποιοῦσιν
507 4118 689 4170 ἔλαιον
719 4121 1030 4189 σισὰμινον,
1059 4125 1151 4173 καὶ
1186 4121 1430 4192 χρίονται
1449 4125 1569 4176 ἀντὶ
1607 4125 1801 4194 μύρου,

227 4207 320 4258 καὶ
343 4207 485 4276 βαρῦ
525 4207 800 4261 πωλοῦσιν
833 4211 988 4264 αὑτό.

832 4303 1074 4369 Αἵρεσις
1109 4310 1207 4367 ις’.

296 4389 382 4446 ις’.
412 4391 536 4444 ’Ότι
569 4393 648 4454 είς
686 4393 746 4444 τὸ
770 4392 1055 4462 βάπτισμα
1093 4405 1151 4447 ού
1181 4396 1426 4465 χρίουσιν
1451 4398 1627 4451 ἔλαιον
1677 4401 1800 4464 τοὺς

227 4483 646 4549 νεοφωτίστους.
682 4484 851 4549 Λέγει
883 4485 990 4554 γὰρ
1014 4488 1042 4537 ό
1081 4485 1235 4554 ἅγιος
1258 4490 1532 4552 Διονύσιος
1554 4493 1580 4542 ὁ
1619 4491 1800 4560 Ἀρεο-

1915 3301 2000 3345 tur
2023 3293 2164 3345 enim
2197 3293 2526 3358 sacerdotes,
2553 3303 2608 3348 et
2636 3309 2814 3364 reges,
2839 3310 2892 3354 et
2921 3307 3192 3374 prophetae
3219 3327 3233 3362 :
3261 3318 3399 3380 quod
3428 3327 3481 3369 et

1913 3385 2037 3438 olim
2069 3385 2399 3453 temporibus
2423 3384 2534 3440 Noe
2561 3384 2794 3455 Spiritus
2822 3395 2992 3446 sancti
3019 3399 3217 3452 auxilio
3242 3407 3479 3458 ostendit

1914 3475 2181 3536 columba,
2218 3474 2424 3528 habens
2453 3475 2505 3528 in
2535 3490 2630 3530 ore
2659 3493 2756 3532 suo
2790 3495 2998 3536 ramum
3029 3485 3203 3554 olivae,
3231 3507 3337 3558 quo
3368 3494 3479 3550 Nue

1912 3565 2156 3635 symbolo
2196 3568 2361 3619 multa
2403 3565 2494 3620 Dei
2530 3566 2832 3638 benignitas
2857 3588 2918 3626 ac
2962 3576 3240 3633 clementia
3269 3583 3476 3640 innote«

1910 3667 2103 3710 sceret.
2139 3655 2400 3724 Equidem
2447 3657 2734 3711 coniicitur
2767 3662 2944 3714 oleum
2985 3679 3046 3716 ex
3084 3671 3228 3720 omni
3265 3675 3477 3741 specie;

1911 3749 2088 3801 oleum
2127 3757 2304 3800 tamen
2341 3748 2630 3812 unctionis,
2663 3749 2806 3804 istud
2844 3763 2948 3818 est,
2978 3760 3120 3825 quod
3162 3776 3222 3814 ex
3274 3762 3477 3831 Spiritu

1911 3847 2100 3892 sancto
2154 3838 2410 3891 traditum
2464 3848 2566 3892 est.
2603 3841 2672 3893 At
2724 3840 2828 3905 illi,
2865 3845 3216 3906 adversantes
3267 3853 3365 3924 legi
3415 3873 3478 3912 ac

1909 3931 2176 3982 SnllCliOlli
2236 3937 2547 3982 sanctorum
2609 3928 2863 3992 Patrum.
2910 3935 3085 3992 oleum
3143 3957 3209 3995 ex
3268 3959 3480 4002 sesamo

1909 4018 2218 4080 coniiciunt,
2245 4033 2419 4086 eoque
2457 4031 2729 4086 unguntur
2765 4022 2882 4078 loco
2919 4033 3196 4097 unguenti,
3232 4048 3295 4090 ac
3326 4041 3476 4106 gravi

1906 4128 2010 4166 aue
2039 4115 2292 4166 vendunt.

2527 4307 2754 4362 Ila'resis
2793 4310 2876 4364 16.

1977 4395 2093 4450 XX.
2129 4398 2183 4449 In
2223 4398 2488 4465 baptismo
2535 4416 2640 4456 non
2685 4414 2892 4472 ungunt
2923 4406 3046 4460 oleo
3081 4424 3270 4469 recens
3302 4416 3476 4487 bapti~

1907 4499 2074 4542 zatos.
2109 4489 2197 4541 Ait
2237 4490 2380 4542 enim
2422 4503 2642 4546 sanctus
2683 4492 2968 4565 Dionysius
3009 4503 3334 4573 Areopagita
3380 4523 3478 4576 per

225 4573 467 4642 παγίτης
499 4574 909 4644 παραϐολικῶς,
946 4576 1030 4628 ὅτι
1066 4593 1084 4625 ι
1110 4577 1198 4630 Ἐν
1231 4578 1409 4649 καιρῷ
1452 4581 1805 4651 ἱπποδρομίω
1842 4567 1881 4624 ο

1842 4567 1887 4624 D
1914 4577 2220 4646 parobulam
2253 4595 2265 4631 :
2305 4596 2323 4630 ι
2355 4578 2565 4634 Curruli
2595 4585 2892 4639 certamine
2921 4603 3101 4642 coram
3135 4567 3258 4663 rege
3281 4567 3477 4668 propo-

226 4663 460 4715 ἐνώπιον
501 4665 597 4716 τοῦ
642 4665 931 4734 βασιλέως,
987 4668 1036 4718 oi
1094 4669 1151 4719 ὲν
1199 4669 1277 4736 τῷ
1346 4671 1546 4739 σταδίῳ
1591 4672 1802 4742 ἄνδρες,

225 4753 360 4806 ἔνθα
398 4756 450 4807 οἱ
509 4755 724 4826 δόκιμοι
792 4755 1014 4830 δρομεῖς
1067 4760 1384 4825 φαίνονται,
1441 4764 1656 4832 πρῶτον
1705 4764 1806 4831 μὲν

225 4845 478 4916 χρίουσιν
502 4846 698 4911 αὐτοὺς
722 4847 926 4913 ελαιον,
961 4849 1049 4902 ἵνα
1082 4848 1158 4919 μὴ
1191 4851 1462 4922 εὐκαίρως
1489 4853 1805 4923 κρατηθῶσι

224 4938 380 5009 παρὰ
401 4937 512 4992 τῶν
533 4939 822 4994 ἀντιδίκων
848 4941 1050 4996 αὐτῶν.
1079 4943 1188 4995 Καὶ
1218 4947 1283 5013 τῇ
1301 4946 1478 5012 χρίσει
1500 4945 1593 4998 τοῦ
1623 4947 1804 4999 ἐλαίου

221 5027 479 5081 δύνανται
506 5031 763 5098 ἐκφυγεῖν
795 5033 919 5094 τοὺς
953 5033 1251 5102 μέλλοντας
1284 5037 1482 5097 αὐτοὺς
1507 5039 1797 5106 κρατῆσαι·

224 5120 366 5172 οὕτω
393 5121 487 5173 καὶ
504 5123 553 5173 oi
580 5121 868 5190 μέλλοντες
897 5123 1073 5177 ἐλθεῖν
1100 5127 1191 5177 ἐπὶ
1222 5127 1284 5177 τὸ
1311 5130 1462 5193 ἅγιον
1491 5126 1798 5198 βάπτισμα,

225 5211 446 5280 πρῶτον
478 5213 576 5282 μὲν
606 5214 884 5282 χρίσονται
903 5215 1089 5284 ἐλαίῳ,
1125 5216 1260 5285 πρὸς
1291 5217 1353 5268 τὸ
1381 5219 1641 5286 ἐκφυγεῖν
1669 5224 1796 5285 τοὺς

224 5304 520 5373 πολεμίους
550 5323 566 5338 ο
602 5308 727 5357 ἐπεὶ
765 5306 942 5376 μέγας
967 5307 1239 5373 ἀντίδικρς
1281 5311 1398 5359 ἐστι
1433 5309 1539 5359 τῶν
1562 5315 1792 5378 φωτιζοο

227 5398 406 5466 μένων
442 5398 470 5448 ὀ
493 5397 761 5462 διάϐολος,
797 5401 891 5450 καὶ¹
926 5398 1249 5468 δυνήσονται
1279 5399 1369 5451 διὰ
1409 5400 1505 5468 τῆς
1556 5403 1791 5472 χρίσεως

223 5488 316 5540 τοῦ
342 5489 524 5542 ἐλαίου
551 5491 646 5542 καὶ
674 5490 769 5542 τοῦ
800 5489 1198 5560 βαπτίσματος,
1228 5493 1292 5559 τῇ
1354 5493 1646 5563 συνεργείᾳ
1697 5496 1793 5547 τοῦ

226 5581 381 5648 ἁγίου
415 5582 731 5652 Ιίνεῦματος
765 5585 1027 5651 ἐκφυγεῖν
1053 5582 1145 5634 τὸν
1211 5581 1449 5634 τοιοῦτον
1519 5583 1786 5656 θηρευτὴν

293 5713 336 5744 ⁸⁷
364 5709 496 5767 Luc.
523 5728 563 5779 ι,
583 5712 654 5767 ‘26
687 5729 835 5784 seqq.
915 5713 961 5746 ⁵⁸
986 5713 1152 5769 Exod.
1183 5728 1308 5782 xxx,
1335 5711 1424 5780 ‘25,
1449 5714 1540 5769 26.

301 5851 414 5923 (78)
448 5853 600 5910 Orat.
635 5856 722 5910 39.

1905 4670 2040 4732 sito,
2071 4670 2162 4736 qui
2201 4669 2252 4722 in
2289 4671 2468 4725 stadio
2503 4674 2660 4740 positi
2698 4685 2823 4730 sunt
2856 4678 2949 4732 ubi
2986 4696 3235 4738 cursores
3267 4688 3476 4745 virtutis

1905 4762 2176 4827 specimen
2227 4762 2511 4827 exhibent,
2555 4765 2785 4832 primum
2832 4770 3044 4838 quidem
3095 4775 3217 4829 oleo
3266 4794 3474 4848 ungunt

1905 4865 2120 4921 corpus,
2151 4863 2207 4906 ut
2237 4869 2302 4907 ne
2330 4852 2489 4908 facile
2526 4857 2594 4911 ab
2624 4860 2954 4917 adversariis
2987 4876 3302 4937 teneantur;
3341 4889 3468 4942 pos-

1904 4953 2133 5011 suntque
2161 4960 2226 4998 eo
2252 4946 2473 5000 delibuti
2503 4950 2570 5002 ab
2600 4949 2664 5005 iis
2695 4966 2752 5007 se
2781 4955 2941 5021 tueri,
2973 4971 3000 5008 a
3026 4958 3224 5026 quibus
3257 4969 3469 5018 tenendi

1909 5045 2082 5088 erant.
2119 5035 2208 5090 Sic
2257 5047 2311 5091 et
2355 5038 2414 5103 ii,
2449 5041 2538 5108 qui
2586 5041 2650 5093 ad
2698 5057 2909 5099 sacrum
2958 5048 3218 5117 baptisma
3262 5063 3470 5111 venturi

1907 5135 2031 5178 sunt
2069 5167 2083 5190 ,
2114 5127 2347 5193 primum
2381 5132 2596 5198 quidem
2634 5135 2863 5202 ungendi
2899 5149 3020 5191 sunt
3055 5142 3172 5198 oleo
3205 5155 3261 5197 ut
3294 5147 3471 5202 hostes

1903 5218 2190 5287 effugiant;
2241 5221 2486 5276 diabolus
2537 5224 2802 5292 siquidem
2855 5245 3080 5298 magnus
3128 5236 3470 5296 adversarius

1899 5320 1981 5362 est
2037 5326 2262 5376 eorum,
2310 5315 2400 5382 qui
2464 5316 2804 5384 baptizantur
2869 5339 2881 5376 :
2948 5333 3304 5398 poteruntque
3367 5331 3468 5385 olei

1905 5404 2157 5457 unctione
2202 5421 2264 5459 ac
2301 5406 2642 5475 baptismate,
2682 5411 2915 5479 Spiritus
2957 5419 3127 5471 sancti
3173 5421 3467 5489 opitulante

1901 5495 2105 5562 gratia,
2159 5509 2467 5550 venatorem
2523 5500 2826 5568 ejusmodi,
2883 5507 3179 5575 diabolum,
3214 5513 3466 5581 inquam,

1899 5587 2133 5656 cll‘ugere
2167 5588 2302 5657 (79).
2344 5610 2360 5640 ι
2398 5589 2656 5647 Sanctum
2685 5611 2894 5666 quoque
2920 5599 3236 5670 Gregorium
3265 5619 3466 5674 maguze

1976 5858 2092 5928 (79)
2115 5859 2244 5930 Cap.
2272 5875 2289 5917 t
2315 5859 2522 5917 Hierar.
2556 5866 2736 5918 ccc/es.
