  <div class='ocr_page' id='page_1' title='image "/cluster/home/n/w/nwhite01/storage/ocr_20150623/132/nnc1.0046979662/635.png"; bbox 0 0 4194 6444; ppageno 0'>
   <div class='ocr_carea' id='block_1_1' title="bbox 759 327 891 396">
    <p class='ocr_par' dir='ltr' id='par_1_1' title="bbox 759 327 891 396">
     <span class='ocr_line' id='line_1_1' title="bbox 759 327 891 396; baseline -0.008 0"><span class='ocrx_word' id='word_1_1' title='bbox 759 327 891 396; x_wconf 66' lang='grc' dir='ltr'>ιξεδι</span> 
     </span>
    </p>
   </div>
   <div class='ocr_carea' id='block_1_2' title="bbox 1829 337 2949 406">
    <p class='ocr_par' dir='ltr' id='par_1_2' title="bbox 1829 337 2949 406">
     <span class='ocr_line' id='line_1_2' title="bbox 1829 337 2949 406; baseline 0.011 -12"><span class='ocrx_word' id='word_1_2' title='bbox 1829 337 2077 397; x_wconf 76' lang='lat' dir='ltr'><strong>ISAACI</strong></span> <span class='ocrx_word' id='word_1_3' title='bbox 2114 338 2493 400; x_wconf 65' lang='grc' dir='ltr'><strong>-ΑΗΜΕΝΙᾸΞ</strong></span> <span class='ocrx_word' id='word_1_4' title='bbox 2535 343 2949 406; x_wconf 80' lang='lat' dir='ltr'><strong>CATIlOLlCI</strong></span> 
     </span>
    </p>
   </div>
   <div class='ocr_carea' id='block_1_3' title="bbox 3911 353 4048 415">
    <p class='ocr_par' dir='ltr' id='par_1_3' title="bbox 3911 353 4048 415">
     <span class='ocr_line' id='line_1_3' title="bbox 3911 353 4048 415; baseline 0.022 -3"><span class='ocrx_word' id='word_1_5' title='bbox 3911 353 4048 415; x_wconf 67' lang='lat'><strong>1959</strong></span> 
     </span>
    </p>
   </div>
   <div class='ocr_carea' id='block_1_4' title="bbox 758 446 2304 537">
    <p class='ocr_par' dir='ltr' id='par_1_4' title="bbox 758 446 2304 521">
     <span class='ocr_line' id='line_1_4' title="bbox 758 446 2304 521; baseline 0.002 -19"><span class='ocrx_word' id='word_1_6' title='bbox 758 452 999 505; x_wconf 83' lang='lat' dir='ltr'><strong>themate</strong></span> <span class='ocrx_word' id='word_1_7' title='bbox 1034 448 1224 519; x_wconf 81' lang='lat' dir='ltr'><strong>synodi</strong></span> <span class='ocrx_word' id='word_1_8' title='bbox 1284 446 1770 513; x_wconf 76' lang='lat' dir='ltr'><strong>Chalcedonensis,</strong></span> <span class='ocrx_word' id='word_1_9' title='bbox 1826 450 2050 505; x_wconf 88' lang='lat' dir='ltr'><strong>habttit:</strong></span> <span class='ocrx_word' id='word_1_10' title='bbox 2087 454 2304 521; x_wconf 78' lang='lat' dir='ltr'><strong>scripsit</strong></span> 
     </span>
    </p>
   </div>
   <div class='ocr_carea' id='block_1_5' title="bbox 2413 446 4039 537">
    <p class='ocr_par' dir='ltr' id='par_1_5' title="bbox 2439 455 4039 537">
     <span class='ocr_line' id='line_1_5' title="bbox 2439 455 4039 537; baseline 0.008 -31"><span class='ocrx_word' id='word_1_11' title='bbox 2439 455 2815 526; x_wconf 70' lang='grc' dir='ltr'><strong>Χαλκηδόνος·</strong></span> <span class='ocrx_word' id='word_1_12' title='bbox 2862 460 2921 523; x_wconf 87' lang='grc' dir='ltr'>ὃς</span> <span class='ocrx_word' id='word_1_13' title='bbox 2974 462 3070 513; x_wconf 67' lang='grc' dir='ltr'>καὶ</span> <span class='ocrx_word' id='word_1_14' title='bbox 3122 461 3316 530; x_wconf 79' lang='grc' dir='ltr'><strong>λόγους</strong></span> <span class='ocrx_word' id='word_1_15' title='bbox 3366 463 3596 525; x_wconf 74' lang='grc' dir='ltr'>πολλοὺς</span> <span class='ocrx_word' id='word_1_16' title='bbox 3648 466 3916 537; x_wconf 82' lang='grc' dir='ltr'>πεποίηκε</span> <span class='ocrx_word' id='word_1_17' title='bbox 3964 470 4039 536; x_wconf 78' lang='grc' dir='ltr'><strong>τῷ</strong></span> 
     </span>
    </p>
   </div>
   <div class='ocr_carea' id='block_1_6' title="bbox 754 543 2334 612">
    <p class='ocr_par' dir='ltr' id='par_1_6' title="bbox 754 543 2334 612">
     <span class='ocr_line' id='line_1_6' title="bbox 754 543 2334 612; baseline 0.003 -18"><span class='ocrx_word' id='word_1_18' title='bbox 754 558 858 612; x_wconf 90' lang='lat' dir='ltr'><strong>que</strong></span> <span class='ocrx_word' id='word_1_19' title='bbox 924 544 1121 597; x_wconf 88' lang='lat' dir='ltr'><strong>multos</strong></span> <span class='ocrx_word' id='word_1_20' title='bbox 1152 552 1411 598; x_wconf 88' lang='lat' dir='ltr'><strong>tractatus</strong></span> <span class='ocrx_word' id='word_1_21' title='bbox 1446 556 1557 610; x_wconf 63' lang='lat' dir='ltr'><strong>pro;</strong></span> <span class='ocrx_word' id='word_1_22' title='bbox 1589 543 1666 595; x_wconf 66' lang='lat' dir='ltr'><strong>rio</strong></span> <span class='ocrx_word' id='word_1_23' title='bbox 1699 544 1918 596; x_wconf 84' lang='lat' dir='ltr'><strong>nomine</strong></span> <span class='ocrx_word' id='word_1_24' title='bbox 1961 546 2133 597; x_wconf 96' lang='lat' dir='ltr'><strong>sancti</strong></span> <span class='ocrx_word' id='word_1_25' title='bbox 2165 544 2334 607; x_wconf 85' lang='lat' dir='ltr'><strong>Isaac,</strong></span> 
     </span>
    </p>
   </div>
   <div class='ocr_carea' id='block_1_7' title="bbox 753 635 2333 705">
    <p class='ocr_par' dir='ltr' id='par_1_7' title="bbox 753 635 2333 705">
     <span class='ocr_line' id='line_1_7' title="bbox 753 635 2333 705; baseline 0.001 -16"><span class='ocrx_word' id='word_1_26' title='bbox 753 650 784 689; x_wconf 90' lang='lat' dir='ltr'><strong>e</strong></span> <span class='ocrx_word' id='word_1_27' title='bbox 817 636 1010 703; x_wconf 83' lang='lat' dir='ltr'><strong>quibus</strong></span> <span class='ocrx_word' id='word_1_28' title='bbox 1063 636 1153 689; x_wconf 91' lang='lat' dir='ltr'><strong>nni</strong></span> <span class='ocrx_word' id='word_1_29' title='bbox 1206 635 1342 687; x_wconf 86' lang='lat' dir='ltr'><strong>libro</strong></span> <span class='ocrx_word' id='word_1_30' title='bbox 1395 649 1590 688; x_wconf 83' lang='lat' dir='ltr'><strong>nomen</strong></span> <span class='ocrx_word' id='word_1_31' title='bbox 1623 646 1704 689; x_wconf 88' lang='lat' dir='ltr'><strong>est</strong></span> <span class='ocrx_word' id='word_1_32' title='bbox 1757 635 2087 690; x_wconf 83' lang='lat' dir='ltr'><strong>Amartanac</strong></span> <span class='ocrx_word' id='word_1_33' title='bbox 2119 638 2333 705; x_wconf 87' lang='lat' dir='ltr'><strong>propria</strong></span> 
     </span>
    </p>
   </div>
   <div class='ocr_carea' id='block_1_8' title="bbox 755 723 2334 793">
    <p class='ocr_par' dir='ltr' id='par_1_8' title="bbox 755 723 2334 793">
     <span class='ocr_line' id='line_1_8' title="bbox 755 723 2334 793; baseline 0.001 -14"><span class='ocrx_word' id='word_1_34' title='bbox 755 726 1130 779; x_wconf 82' lang='lat' dir='ltr'><strong>Armeniorum</strong></span> <span class='ocrx_word' id='word_1_35' title='bbox 1193 726 1390 793; x_wconf 78' lang='lat' dir='ltr'><strong>lingua.</strong></span> <span class='ocrx_word' id='word_1_36' title='bbox 1471 723 1644 778; x_wconf 91' lang='lat' dir='ltr'><strong>Porro</strong></span> <span class='ocrx_word' id='word_1_37' title='bbox 1692 725 1907 777; x_wconf 86' lang='lat' dir='ltr'><strong>volebat</strong></span> <span class='ocrx_word' id='word_1_38' title='bbox 1979 736 2037 779; x_wconf 91' lang='lat' dir='ltr'><strong>ut</strong></span> <span class='ocrx_word' id='word_1_39' title='bbox 2095 726 2334 781; x_wconf 89' lang='lat' dir='ltr'><strong>Joannes</strong></span> 
     </span>
    </p>
   </div>
   <div class='ocr_carea' id='block_1_9' title="bbox 751 816 2331 886">
    <p class='ocr_par' dir='ltr' id='par_1_9' title="bbox 751 816 2331 886">
     <span class='ocr_line' id='line_1_9' title="bbox 751 816 2331 886; baseline 0.005 -23"><span class='ocrx_word' id='word_1_40' title='bbox 751 816 992 881; x_wconf 79' lang='lat' dir='ltr'><strong>quidam,</strong></span> <span class='ocrx_word' id='word_1_41' title='bbox 1051 818 1166 886; x_wconf 86' lang='lat' dir='ltr'><strong>ejus</strong></span> <span class='ocrx_word' id='word_1_42' title='bbox 1210 817 1388 870; x_wconf 78' lang='lat' dir='ltr'><strong>throni</strong></span> <span class='ocrx_word' id='word_1_43' title='bbox 1442 831 1727 870; x_wconf 82' lang='lat' dir='ltr'><strong>successor</strong></span> <span class='ocrx_word' id='word_1_44' title='bbox 1750 828 1912 869; x_wconf 83' lang='lat' dir='ltr'><strong>esset.</strong></span> <span class='ocrx_word' id='word_1_45' title='bbox 1966 816 2115 869; x_wconf 86' lang='lat' dir='ltr'><strong>lland</strong></span> <span class='ocrx_word' id='word_1_46' title='bbox 2153 827 2331 871; x_wconf 90' lang='lat' dir='ltr'><strong>tamen</strong></span> 
     </span>
    </p>
   </div>
   <div class='ocr_carea' id='block_1_10' title="bbox 752 907 2332 979">
    <p class='ocr_par' dir='ltr' id='par_1_10' title="bbox 752 907 2332 979">
     <span class='ocr_line' id='line_1_10' title="bbox 752 907 2332 979; baseline 0.003 -19"><span class='ocrx_word' id='word_1_47' title='bbox 752 907 840 960; x_wconf 89' lang='lat' dir='ltr'><strong>ille</strong></span> <span class='ocrx_word' id='word_1_48' title='bbox 898 908 947 961; x_wconf 94' lang='lat' dir='ltr'><strong>id</strong></span> <span class='ocrx_word' id='word_1_49' title='bbox 1002 921 1075 960; x_wconf 82' lang='lat' dir='ltr'><strong>est</strong></span> <span class='ocrx_word' id='word_1_50' title='bbox 1138 919 1483 972; x_wconf 75' lang='lat' dir='ltr'><strong>consecutus,</strong></span> <span class='ocrx_word' id='word_1_51' title='bbox 1551 909 1645 961; x_wconf 85' lang='lat' dir='ltr'><strong>Sed</strong></span> <span class='ocrx_word' id='word_1_52' title='bbox 1696 910 2145 979; x_wconf 82' lang='lat' dir='ltr'><strong>Cliristopltorns.</strong></span> <span class='ocrx_word' id='word_1_53' title='bbox 2200 912 2332 965; x_wconf 85' lang='lat' dir='ltr'><strong>Cum</strong></span> 
     </span>
    </p>
   </div>
   <div class='ocr_carea' id='block_1_11' title="bbox 750 1001 2333 1073">
    <p class='ocr_par' dir='ltr' id='par_1_11' title="bbox 750 1001 2333 1073">
     <span class='ocr_line' id='line_1_11' title="bbox 750 1001 2333 1073; baseline 0.005 -22"><span class='ocrx_word' id='word_1_54' title='bbox 750 1010 928 1054; x_wconf 89' lang='lat' dir='ltr'><strong>autem</strong></span> <span class='ocrx_word' id='word_1_55' title='bbox 966 1001 1396 1069; x_wconf 87' lang='lat' dir='ltr'><strong>Cluistopltorus</strong></span> <span class='ocrx_word' id='word_1_56' title='bbox 1447 1018 1476 1055; x_wconf 87' lang='lat' dir='ltr'><strong>a</strong></span> <span class='ocrx_word' id='word_1_57' title='bbox 1512 1002 1640 1056; x_wconf 88' lang='lat' dir='ltr'><strong>sede</strong></span> <span class='ocrx_word' id='word_1_58' title='bbox 1693 1005 2003 1063; x_wconf 79' lang='lat' dir='ltr'><strong>excidisset,</strong></span> <span class='ocrx_word' id='word_1_59' title='bbox 2063 1004 2333 1073; x_wconf 78' lang='lat' dir='ltr'><strong>gaudebat</strong></span> 
     </span>
    </p>
   </div>
   <div class='ocr_carea' id='block_1_12' title="bbox 748 1095 2326 1164">
    <p class='ocr_par' dir='ltr' id='par_1_12' title="bbox 748 1095 2326 1164">
     <span class='ocr_line' id='line_1_12' title="bbox 748 1095 2326 1164; baseline 0.002 -15"><span class='ocrx_word' id='word_1_60' title='bbox 748 1095 981 1149; x_wconf 82' lang='lat' dir='ltr'><strong>Joannes</strong></span> <span class='ocrx_word' id='word_1_61' title='bbox 1012 1116 1024 1150; x_wconf 92' lang='lat'>:</span> <span class='ocrx_word' id='word_1_62' title='bbox 1061 1112 1160 1149; x_wconf 89' lang='lat' dir='ltr'><strong>nec</strong></span> <span class='ocrx_word' id='word_1_63' title='bbox 1214 1098 1293 1149; x_wconf 89' lang='lat' dir='ltr'><strong>sic</strong></span> <span class='ocrx_word' id='word_1_64' title='bbox 1328 1104 1506 1149; x_wconf 90' lang='lat' dir='ltr'><strong>tamen</strong></span> <span class='ocrx_word' id='word_1_65' title='bbox 1569 1099 1678 1151; x_wconf 87' lang='lat' dir='ltr'><strong>voti</strong></span> <span class='ocrx_word' id='word_1_66' title='bbox 1708 1113 1926 1164; x_wconf 86' lang='lat' dir='ltr'><strong>compos</strong></span> <span class='ocrx_word' id='word_1_67' title='bbox 1958 1097 2184 1152; x_wconf 76' lang='lat' dir='ltr'><strong>eﬂectus</strong></span> <span class='ocrx_word' id='word_1_68' title='bbox 2224 1108 2326 1153; x_wconf 91' lang='lat' dir='ltr'><strong>est.</strong></span> 
     </span>
    </p>
   </div>
   <div class='ocr_carea' id='block_1_13' title="bbox 748 1186 2328 1253">
    <p class='ocr_par' dir='ltr' id='par_1_13' title="bbox 748 1186 2328 1253">
     <span class='ocr_line' id='line_1_13' title="bbox 748 1186 2328 1253; baseline 0.004 -16"><span class='ocrx_word' id='word_1_69' title='bbox 748 1186 881 1243; x_wconf 81' lang='lat' dir='ltr'><strong>Nam</strong></span> <span class='ocrx_word' id='word_1_70' title='bbox 921 1188 1119 1241; x_wconf 85' lang='lat' dir='ltr'><strong>Esdras</strong></span> <span class='ocrx_word' id='word_1_71' title='bbox 1149 1187 1322 1239; x_wconf 78' lang='lat' dir='ltr'><strong>factus</strong></span> <span class='ocrx_word' id='word_1_72' title='bbox 1359 1200 1438 1239; x_wconf 88' lang='lat' dir='ltr'><strong>est</strong></span> <span class='ocrx_word' id='word_1_73' title='bbox 1480 1188 1831 1253; x_wconf 79' lang='lat' dir='ltr'><strong>Catltolicus;</strong></span> <span class='ocrx_word' id='word_1_74' title='bbox 1886 1186 2125 1242; x_wconf 90' lang='lat' dir='ltr'><strong>Joannes</strong></span> <span class='ocrx_word' id='word_1_75' title='bbox 2201 1204 2328 1244; x_wconf 86' lang='lat' dir='ltr'><strong>vero</strong></span> 
     </span>
    </p>
   </div>
   <div class='ocr_carea' id='block_1_14' title="bbox 746 1278 1581 1348">
    <p class='ocr_par' dir='ltr' id='par_1_14' title="bbox 746 1278 1581 1348">
     <span class='ocr_line' id='line_1_14' title="bbox 746 1278 1581 1348; baseline 0.001 -18"><span class='ocrx_word' id='word_1_76' title='bbox 746 1278 897 1346; x_wconf 79' lang='lat' dir='ltr'><strong>gravi</strong></span> <span class='ocrx_word' id='word_1_77' title='bbox 930 1296 1051 1331; x_wconf 88' lang='lat' dir='ltr'><strong>eum</strong></span> <span class='ocrx_word' id='word_1_78' title='bbox 1077 1280 1234 1333; x_wconf 90' lang='lat' dir='ltr'><strong>oculo</strong></span> <span class='ocrx_word' id='word_1_79' title='bbox 1262 1280 1581 1348; x_wconf 88' lang='lat' dir='ltr'><strong>aspiciebat.</strong></span> 
     </span>
    </p>
   </div>
   <div class='ocr_carea' id='block_1_15' title="bbox 817 1370 2324 1443">
    <p class='ocr_par' dir='ltr' id='par_1_15' title="bbox 817 1370 2324 1443">
     <span class='ocr_line' id='line_1_15' title="bbox 817 1370 2324 1443; baseline 0.001 -20"><span class='ocrx_word' id='word_1_80' title='bbox 817 1372 1052 1426; x_wconf 79' lang='lat' dir='ltr'><strong>Sedente</strong></span> <span class='ocrx_word' id='word_1_81' title='bbox 1089 1372 1201 1435; x_wconf 88' lang='lat' dir='ltr'><strong>illo,</strong></span> <span class='ocrx_word' id='word_1_82' title='bbox 1241 1370 1517 1424; x_wconf 86' lang='lat' dir='ltr'><strong>lleraclius</strong></span> <span class='ocrx_word' id='word_1_83' title='bbox 1546 1374 1844 1439; x_wconf 65' lang='lat' dir='ltr'><strong>imi-arator</strong></span> <span class='ocrx_word' id='word_1_84' title='bbox 1872 1373 1941 1426; x_wconf 74' lang='lat'><strong>25</strong></span> <span class='ocrx_word' id='word_1_85' title='bbox 1962 1373 2079 1441; x_wconf 87' lang='lat' dir='ltr'><strong>ejus</strong></span> <span class='ocrx_word' id='word_1_86' title='bbox 2111 1374 2324 1443; x_wconf 88' lang='lat' dir='ltr'><strong>imperii</strong></span> 
     </span>
    </p>
   </div>
   <div class='ocr_carea' id='block_1_16' title="bbox 744 1466 2325 1537">
    <p class='ocr_par' dir='ltr' id='par_1_16' title="bbox 744 1466 2325 1537">
     <span class='ocr_line' id='line_1_16' title="bbox 744 1466 2325 1537; baseline -0.002 -15"><span class='ocrx_word' id='word_1_87' title='bbox 744 1484 909 1532; x_wconf 90' lang='lat' dir='ltr'><strong>anno,</strong></span> <span class='ocrx_word' id='word_1_88' title='bbox 943 1484 1005 1522; x_wconf 88' lang='lat' dir='ltr'><strong>ac</strong></span> <span class='ocrx_word' id='word_1_89' title='bbox 1050 1476 1243 1537; x_wconf 85' lang='lat' dir='ltr'><strong>quarto</strong></span> <span class='ocrx_word' id='word_1_90' title='bbox 1283 1481 1311 1518; x_wconf 93' lang='lat' dir='ltr'><strong>a</strong></span> <span class='ocrx_word' id='word_1_91' title='bbox 1368 1476 1542 1519; x_wconf 81' lang='lat' dir='ltr'><strong>morte</strong></span> <span class='ocrx_word' id='word_1_92' title='bbox 1601 1466 1878 1530; x_wconf 83' lang='lat' dir='ltr'><strong>Cliosrois,</strong></span> <span class='ocrx_word' id='word_1_93' title='bbox 1925 1482 2170 1536; x_wconf 82' lang='lat' dir='ltr'><strong>magnam</strong></span> <span class='ocrx_word' id='word_1_94' title='bbox 2234 1482 2325 1536; x_wconf 82' lang='lat' dir='ltr'><strong>sy-</strong></span> 
     </span>
    </p>
   </div>
   <div class='ocr_carea' id='block_1_17' title="bbox 746 1556 2321 1625">
    <p class='ocr_par' dir='ltr' id='par_1_17' title="bbox 746 1556 2321 1625">
     <span class='ocr_line' id='line_1_17' title="bbox 746 1556 2321 1625; baseline -0.001 -14"><span class='ocrx_word' id='word_1_95' title='bbox 746 1564 943 1613; x_wconf 88' lang='lat' dir='ltr'><strong>nodum</strong></span> <span class='ocrx_word' id='word_1_96' title='bbox 973 1561 1348 1613; x_wconf 80' lang='lat' dir='ltr'><strong>nitiversoruin</strong></span> <span class='ocrx_word' id='word_1_97' title='bbox 1380 1558 1762 1625; x_wconf 83' lang='lat' dir='ltr'><strong>episcoporum</strong></span> <span class='ocrx_word' id='word_1_98' title='bbox 1788 1572 1851 1609; x_wconf 84' lang='lat' dir='ltr'><strong>ac</strong></span> <span class='ocrx_word' id='word_1_99' title='bbox 1889 1556 2173 1610; x_wconf 88' lang='lat' dir='ltr'><strong>doctorum</strong></span> <span class='ocrx_word' id='word_1_100' title='bbox 2209 1557 2321 1609; x_wconf 87' lang='lat' dir='ltr'><strong>Ma-</strong></span> 
     </span>
    </p>
   </div>
   <div class='ocr_carea' id='block_1_18' title="bbox 738 1649 2325 1720">
    <p class='ocr_par' dir='ltr' id='par_1_18' title="bbox 738 1649 2325 1720">
     <span class='ocr_line' id='line_1_18' title="bbox 738 1649 2325 1720; baseline -0.001 -16"><span class='ocrx_word' id='word_1_101' title='bbox 738 1652 875 1720; x_wconf 86' lang='lat' dir='ltr'><strong>joris</strong></span> <span class='ocrx_word' id='word_1_102' title='bbox 910 1652 1200 1716; x_wconf 76' lang='lat' dir='ltr'><strong>Armeniae,</strong></span> <span class='ocrx_word' id='word_1_103' title='bbox 1240 1652 1525 1705; x_wconf 74' lang='lat' dir='ltr'><strong>accersitis</strong></span> <span class='ocrx_word' id='word_1_104' title='bbox 1582 1650 1853 1703; x_wconf 85' lang='lat' dir='ltr'><strong>catholico</strong></span> <span class='ocrx_word' id='word_1_105' title='bbox 1893 1649 2067 1703; x_wconf 88' lang='lat' dir='ltr'><strong>Esdra</strong></span> <span class='ocrx_word' id='word_1_106' title='bbox 2114 1666 2178 1705; x_wconf 90' lang='lat' dir='ltr'><strong>ac</strong></span> <span class='ocrx_word' id='word_1_107' title='bbox 2209 1667 2325 1704; x_wconf 84' lang='lat' dir='ltr'><strong>om-</strong></span> 
     </span>
    </p>
   </div>
   <div class='ocr_carea' id='block_1_19' title="bbox 742 1742 2322 1813">
    <p class='ocr_par' dir='ltr' id='par_1_19' title="bbox 742 1742 2322 1813">
     <span class='ocr_line' id='line_1_19' title="bbox 742 1742 2322 1813; baseline 0.001 -18"><span class='ocrx_word' id='word_1_108' title='bbox 742 1745 898 1796; x_wconf 87' lang='lat' dir='ltr'><strong>nibus</strong></span> <span class='ocrx_word' id='word_1_109' title='bbox 932 1745 1137 1805; x_wconf 85' lang='lat' dir='ltr'><strong>Azatis,</strong></span> <span class='ocrx_word' id='word_1_110' title='bbox 1162 1742 1582 1808; x_wconf 84' lang='lat' dir='ltr'><strong>&#39;l‘lteodosiopoli</strong></span> <span class='ocrx_word' id='word_1_111' title='bbox 1625 1742 1736 1796; x_wconf 80' lang='lat' dir='ltr'><strong>ﬁeri</strong></span> <span class='ocrx_word' id='word_1_112' title='bbox 1765 1744 2043 1812; x_wconf 72' lang='lat' dir='ltr'><strong>praecepit,</strong></span> <span class='ocrx_word' id='word_1_113' title='bbox 2076 1760 2136 1797; x_wconf 89' lang='lat' dir='ltr'><strong>ac</strong></span> <span class='ocrx_word' id='word_1_114' title='bbox 2194 1761 2322 1813; x_wconf 87' lang='lat' dir='ltr'><strong>pcr-</strong></span> 
     </span>
    </p>
   </div>
   <div class='ocr_carea' id='block_1_20' title="bbox 2445 546 4036 629">
    <p class='ocr_par' dir='ltr' id='par_1_20' title="bbox 2445 546 4036 629">
     <span class='ocr_line' id='line_1_20' title="bbox 2445 546 4036 629; baseline 0.011 -33"><span class='ocrx_word' id='word_1_115' title='bbox 2445 546 2557 617; x_wconf 81' lang='grc' dir='ltr'>ὶδίῳ</span> <span class='ocrx_word' id='word_1_116' title='bbox 2590 549 2816 618; x_wconf 78' lang='grc' dir='ltr'>ὀνόματι</span> <span class='ocrx_word' id='word_1_117' title='bbox 2846 552 2939 605; x_wconf 83' lang='grc' dir='ltr'><strong>τοῦ</strong></span> <span class='ocrx_word' id='word_1_118' title='bbox 2976 554 3132 620; x_wconf 84' lang='grc' dir='ltr'>ἁγίου</span> <span class='ocrx_word' id='word_1_119' title='bbox 3172 555 3358 608; x_wconf 84' lang='grc' dir='ltr'>Ἰσαάκ</span> <span class='ocrx_word' id='word_1_120' title='bbox 3378 573 3393 587; x_wconf 89' lang='grc'><strong>·</strong></span> <span class='ocrx_word' id='word_1_121' title='bbox 3429 556 3511 609; x_wconf 73' lang='grc' dir='ltr'>ἐνὶ</span> <span class='ocrx_word' id='word_1_122' title='bbox 3546 558 3737 627; x_wconf 72' lang='grc' dir='ltr'>βιϐλίῳ</span> <span class='ocrx_word' id='word_1_123' title='bbox 3767 560 3830 612; x_wconf 73' lang='grc' dir='ltr'>τὸ</span> <span class='ocrx_word' id='word_1_124' title='bbox 3860 560 4036 629; x_wconf 77' lang='grc' dir='ltr'>ὄνομα</span> 
     </span>
    </p>
   </div>
   <div class='ocr_carea' id='block_1_21' title="bbox 2439 640 4031 717">
    <p class='ocr_par' dir='ltr' id='par_1_21' title="bbox 2439 640 4031 717">
     <span class='ocr_line' id='line_1_21' title="bbox 2439 640 4031 717; baseline 0.009 -27"><span class='ocrx_word' id='word_1_125' title='bbox 2439 640 2588 692; x_wconf 74' lang='grc' dir='ltr'>ἐστὶν</span> <span class='ocrx_word' id='word_1_126' title='bbox 2632 643 2987 714; x_wconf 80' lang='grc' dir='ltr'>’Δμαρτανάκ</span> <span class='ocrx_word' id='word_1_127' title='bbox 3043 645 3184 699; x_wconf 79' lang='grc' dir='ltr'>κατὰ</span> <span class='ocrx_word' id='word_1_128' title='bbox 3228 649 3327 715; x_wconf 82' lang='grc' dir='ltr'><strong>τὴν</strong></span> <span class='ocrx_word' id='word_1_129' title='bbox 3370 650 3675 717; x_wconf 77' lang='grc' dir='ltr'>’Λρμενίων</span> <span class='ocrx_word' id='word_1_130' title='bbox 3726 651 4031 705; x_wconf 85' lang='grc' dir='ltr'>διάλεκτον.</span> 
     </span>
    </p>
   </div>
   <div class='ocr_carea' id='block_1_22' title="bbox 2445 734 4033 811">
    <p class='ocr_par' dir='ltr' id='par_1_22' title="bbox 2445 734 4033 811">
     <span class='ocr_line' id='line_1_22' title="bbox 2445 734 4033 811; baseline 0.006 -26"><span class='ocrx_word' id='word_1_131' title='bbox 2445 734 2539 795; x_wconf 89' lang='grc' dir='ltr'>Ὃς</span> <span class='ocrx_word' id='word_1_132' title='bbox 2583 736 2675 787; x_wconf 83' lang='grc' dir='ltr'><strong>καί</strong></span> <span class='ocrx_word' id='word_1_133' title='bbox 2715 754 2839 791; x_wconf 86' lang='grc' dir='ltr'>τινα</span> <span class='ocrx_word' id='word_1_134' title='bbox 2873 738 3123 806; x_wconf 80' lang='grc' dir='ltr'><strong>Ἰωάννην</strong></span> <span class='ocrx_word' id='word_1_135' title='bbox 3172 740 3425 794; x_wconf 79' lang='grc' dir='ltr'>ἐόούλετο</span> <span class='ocrx_word' id='word_1_136' title='bbox 3478 742 3731 811; x_wconf 79' lang='grc' dir='ltr'><strong>διάδοχον</strong></span> <span class='ocrx_word' id='word_1_137' title='bbox 3776 744 4033 809; x_wconf 83' lang='grc' dir='ltr'>γενέσθαι</span> 
     </span>
    </p>
   </div>
   <div class='ocr_carea' id='block_1_23' title="bbox 2437 820 4037 901">
    <p class='ocr_par' dir='ltr' id='par_1_23' title="bbox 2437 820 4037 901">
     <span class='ocr_line' id='line_1_23' title="bbox 2437 820 4037 901; baseline 0.008 -29"><span class='ocrx_word' id='word_1_138' title='bbox 2437 820 2530 872; x_wconf 74' lang='grc' dir='ltr'><strong>τοῦ</strong></span> <span class='ocrx_word' id='word_1_139' title='bbox 2563 821 2758 892; x_wconf 83' lang='grc' dir='ltr'>θρόνου</span> <span class='ocrx_word' id='word_1_140' title='bbox 2790 826 2957 878; x_wconf 77' lang='grc' dir='ltr'>αὑτοῦ</span> <span class='ocrx_word' id='word_1_141' title='bbox 2985 843 2998 857; x_wconf 70' lang='grc'><strong><em>³</em></strong></span> <span class='ocrx_word' id='word_1_142' title='bbox 3030 827 3059 879; x_wconf 86' lang='grc' dir='ltr'>ὂ</span> <span class='ocrx_word' id='word_1_143' title='bbox 3093 829 3156 880; x_wconf 84' lang='grc' dir='ltr'>οὐ</span> <span class='ocrx_word' id='word_1_144' title='bbox 3192 829 3388 899; x_wconf 80' lang='grc' dir='ltr'>συνέϐη</span> <span class='ocrx_word' id='word_1_145' title='bbox 3425 828 3595 900; x_wconf 80' lang='grc' dir='ltr'>αὐτῷ,</span> <span class='ocrx_word' id='word_1_146' title='bbox 3626 830 3761 883; x_wconf 81' lang='grc' dir='ltr'>ἀλλά</span> <span class='ocrx_word' id='word_1_147' title='bbox 3789 832 3869 901; x_wconf 80' lang='grc' dir='ltr'><strong>τῷ</strong></span> <span class='ocrx_word' id='word_1_148' title='bbox 3901 833 4037 901; x_wconf 87' lang='grc' dir='ltr'>Χρι-</span> 
     </span>
    </p>
   </div>
   <div class='ocr_carea' id='block_1_24' title="bbox 2438 915 4034 991">
    <p class='ocr_par' dir='ltr' id='par_1_24' title="bbox 2438 915 4034 991">
     <span class='ocr_line' id='line_1_24' title="bbox 2438 915 4034 991; baseline 0.008 -29"><span class='ocrx_word' id='word_1_149' title='bbox 2438 915 2711 986; x_wconf 81' lang='grc' dir='ltr'><strong>στοφόρῳ.</strong></span> <span class='ocrx_word' id='word_1_150' title='bbox 2751 918 2862 969; x_wconf 74' lang='grc' dir='ltr'><strong>Καὶ</strong></span> <span class='ocrx_word' id='word_1_151' title='bbox 2899 921 2957 970; x_wconf 87' lang='grc' dir='ltr'><strong>ἐν</strong></span> <span class='ocrx_word' id='word_1_152' title='bbox 2989 918 3065 989; x_wconf 82' lang='grc' dir='ltr'><strong>τῷ</strong></span> <span class='ocrx_word' id='word_1_153' title='bbox 3107 920 3555 989; x_wconf 77' lang='grc' dir='ltr'>καταϐεδλῆσθαι</span> <span class='ocrx_word' id='word_1_154' title='bbox 3592 922 3682 973; x_wconf 73' lang='grc' dir='ltr'>τὸν</span> <span class='ocrx_word' id='word_1_155' title='bbox 3718 923 4034 991; x_wconf 62' lang='grc' dir='ltr'>Χριστοεξό-</span> 
     </span>
    </p>
   </div>
   <div class='ocr_carea' id='block_1_25' title="bbox 2436 1008 4034 1082">
    <p class='ocr_par' dir='ltr' id='par_1_25' title="bbox 2436 1008 4034 1082">
     <span class='ocr_line' id='line_1_25' title="bbox 2436 1008 4034 1082; baseline 0.007 -27"><span class='ocrx_word' id='word_1_156' title='bbox 2436 1022 2528 1073; x_wconf 87' lang='grc' dir='ltr'>ρον</span> <span class='ocrx_word' id='word_1_157' title='bbox 2564 1008 2673 1059; x_wconf 84' lang='grc' dir='ltr'><strong>ἀπὸ</strong></span> <span class='ocrx_word' id='word_1_158' title='bbox 2707 1008 2801 1061; x_wconf 80' lang='grc' dir='ltr'><strong>τοῦ</strong></span> <span class='ocrx_word' id='word_1_159' title='bbox 2847 1009 3073 1079; x_wconf 71' lang='grc' dir='ltr'>θρόνου,</span> <span class='ocrx_word' id='word_1_160' title='bbox 3112 1012 3333 1082; x_wconf 84' lang='grc' dir='ltr'>ἔχαιρεν</span> <span class='ocrx_word' id='word_1_161' title='bbox 3368 1015 3396 1064; x_wconf 89' lang='lat'><strong>6</strong></span> <span class='ocrx_word' id='word_1_162' title='bbox 3433 1014 3689 1080; x_wconf 75' lang='grc' dir='ltr'><strong>Ἰωάννης</strong></span> <span class='ocrx_word' id='word_1_163' title='bbox 3716 1030 3729 1043; x_wconf 79' lang='grc'><em>’</em></span> <span class='ocrx_word' id='word_1_164' title='bbox 3771 1016 3888 1066; x_wconf 79' lang='grc' dir='ltr'>ἀλλ’</span> <span class='ocrx_word' id='word_1_165' title='bbox 3914 1016 4034 1066; x_wconf 67' lang='grc' dir='ltr'>οὐδὲ</span> 
     </span>
    </p>
   </div>
   <div class='ocr_carea' id='block_1_26' title="bbox 2433 1097 4033 1177">
    <p class='ocr_par' dir='ltr' id='par_1_26' title="bbox 2433 1097 4033 1177">
     <span class='ocr_line' id='line_1_26' title="bbox 2433 1097 4033 1177; baseline 0.009 -29"><span class='ocrx_word' id='word_1_166' title='bbox 2433 1097 2557 1150; x_wconf 86' lang='grc' dir='ltr'>τότε</span> <span class='ocrx_word' id='word_1_167' title='bbox 2586 1101 2873 1171; x_wconf 86' lang='grc' dir='ltr'>ἐπέτυχεν.</span> <span class='ocrx_word' id='word_1_168' title='bbox 2908 1106 3159 1172; x_wconf 80' lang='grc' dir='ltr'>Ἐγένετο</span> <span class='ocrx_word' id='word_1_169' title='bbox 3187 1107 3295 1176; x_wconf 87' lang='grc' dir='ltr'>γὰρ</span> <span class='ocrx_word' id='word_1_170' title='bbox 3322 1109 3350 1160; x_wconf 96' lang='lat'><strong>6</strong></span> <span class='ocrx_word' id='word_1_171' title='bbox 3371 1108 3608 1177; x_wconf 83' lang='grc' dir='ltr'>Ἔσδρας</span> <span class='ocrx_word' id='word_1_172' title='bbox 3643 1110 3670 1158; x_wconf 86' lang='lat'><strong>6</strong></span> <span class='ocrx_word' id='word_1_173' title='bbox 3702 1109 4033 1170; x_wconf 72' lang='grc' dir='ltr'>Καθολικος.</span> 
     </span>
    </p>
   </div>
   <div class='ocr_carea' id='block_1_27' title="bbox 2445 1190 4037 1269">
    <p class='ocr_par' dir='ltr' id='par_1_27' title="bbox 2445 1190 4037 1269">
     <span class='ocr_line' id='line_1_27' title="bbox 2445 1190 4037 1269; baseline 0.006 -27"><span class='ocrx_word' id='word_1_174' title='bbox 2445 1190 2503 1242; x_wconf 84' lang='grc' dir='ltr'>Ὁ</span> <span class='ocrx_word' id='word_1_175' title='bbox 2544 1193 2599 1244; x_wconf 82' lang='grc' dir='ltr'>δὲ</span> <span class='ocrx_word' id='word_1_176' title='bbox 2676 1195 2953 1265; x_wconf 88' lang='grc' dir='ltr'>Ἰωάννης,</span> <span class='ocrx_word' id='word_1_177' title='bbox 2999 1197 3246 1268; x_wconf 82' lang='grc' dir='ltr'>βλοσυρῷ</span> <span class='ocrx_word' id='word_1_178' title='bbox 3285 1199 3363 1268; x_wconf 83' lang='grc' dir='ltr'>τῷ</span> <span class='ocrx_word' id='word_1_179' title='bbox 3408 1200 3673 1269; x_wconf 69' lang='grc' dir='ltr'>ὀφθαλμῷ</span> <span class='ocrx_word' id='word_1_180' title='bbox 3714 1201 3884 1252; x_wconf 66' lang='grc' dir='ltr'>αὑτὸν</span> <span class='ocrx_word' id='word_1_181' title='bbox 3933 1202 4037 1252; x_wconf 77' lang='grc' dir='ltr'><strong>ὑπο</strong></span> 
     </span>
    </p>
   </div>
   <div class='ocr_carea' id='block_1_28' title="bbox 2432 1284 2683 1341">
    <p class='ocr_par' dir='ltr' id='par_1_28' title="bbox 2432 1284 2683 1341">
     <span class='ocr_line' id='line_1_28' title="bbox 2432 1284 2683 1341; baseline 0.028 -7"><span class='ocrx_word' id='word_1_182' title='bbox 2432 1284 2683 1341; x_wconf 79' lang='grc' dir='ltr'>ἐὸλεπεν.</span> 
     </span>
    </p>
   </div>
   <div class='ocr_carea' id='block_1_29' title="bbox 2518 1380 4031 1455">
    <p class='ocr_par' dir='ltr' id='par_1_29' title="bbox 2518 1380 4031 1455">
     <span class='ocr_line' id='line_1_29' title="bbox 2518 1380 4031 1455; baseline 0.006 -25"><span class='ocrx_word' id='word_1_183' title='bbox 2518 1380 2603 1431; x_wconf 89' lang='grc' dir='ltr'>Ἐν</span> <span class='ocrx_word' id='word_1_184' title='bbox 2635 1400 2679 1449; x_wconf 91' lang='grc' dir='ltr'>ῳ</span> <span class='ocrx_word' id='word_1_185' title='bbox 2713 1382 2892 1452; x_wconf 82' lang='grc' dir='ltr'>καιρῷ</span> <span class='ocrx_word' id='word_1_186' title='bbox 2925 1383 2954 1434; x_wconf 91' lang='lat'><strong>6</strong></span> <span class='ocrx_word' id='word_1_187' title='bbox 2990 1383 3271 1454; x_wconf 81' lang='grc' dir='ltr'>Ἡρακλῆς</span> <span class='ocrx_word' id='word_1_188' title='bbox 3312 1386 3533 1454; x_wconf 81' lang='grc' dir='ltr'>Καῖσαρ</span> <span class='ocrx_word' id='word_1_189' title='bbox 3561 1386 3637 1451; x_wconf 85' lang='grc' dir='ltr'><strong>τῷ</strong></span> <span class='ocrx_word' id='word_1_190' title='bbox 3676 1393 3759 1453; x_wconf 83' lang='grc' dir='ltr'>κγ’</span> <span class='ocrx_word' id='word_1_191' title='bbox 3785 1387 3898 1439; x_wconf 79' lang='grc' dir='ltr'>ἔτει</span> <span class='ocrx_word' id='word_1_192' title='bbox 3931 1387 4031 1455; x_wconf 69' lang='grc' dir='ltr'>τῆς</span> 
     </span>
    </p>
   </div>
   <div class='ocr_carea' id='block_1_30' title="bbox 2431 1466 4028 1544">
    <p class='ocr_par' dir='ltr' id='par_1_30' title="bbox 2431 1466 4028 1544">
     <span class='ocr_line' id='line_1_30' title="bbox 2431 1466 4028 1544; baseline 0.004 -24"><span class='ocrx_word' id='word_1_193' title='bbox 2431 1466 2714 1537; x_wconf 78' lang='grc' dir='ltr'>βασιλείας</span> <span class='ocrx_word' id='word_1_194' title='bbox 2748 1471 2912 1524; x_wconf 70' lang='grc' dir='ltr'>αὐτοῦ</span> <span class='ocrx_word' id='word_1_195' title='bbox 2936 1513 2949 1533; x_wconf 90' lang='grc'><strong>,</strong></span> <span class='ocrx_word' id='word_1_196' title='bbox 2987 1474 3082 1524; x_wconf 79' lang='grc' dir='ltr'>καὶ</span> <span class='ocrx_word' id='word_1_197' title='bbox 3118 1473 3176 1524; x_wconf 86' lang='grc' dir='ltr'><strong>ἐν</strong></span> <span class='ocrx_word' id='word_1_198' title='bbox 3209 1474 3457 1544; x_wconf 76' lang='grc' dir='ltr'><strong>τετάρτῳ</strong></span> <span class='ocrx_word' id='word_1_199' title='bbox 3490 1474 3599 1525; x_wconf 81' lang='grc' dir='ltr'>ἔτει</span> <span class='ocrx_word' id='word_1_200' title='bbox 3631 1475 3727 1543; x_wconf 81' lang='grc' dir='ltr'><strong>τῆς</strong></span> <span class='ocrx_word' id='word_1_201' title='bbox 3763 1475 4028 1541; x_wconf 73' lang='grc' dir='ltr'><strong>τελευτῆς</strong></span> 
     </span>
    </p>
   </div>
   <div class='ocr_carea' id='block_1_31' title="bbox 2426 1561 4031 1634">
    <p class='ocr_par' dir='ltr' id='par_1_31' title="bbox 2426 1561 4031 1634">
     <span class='ocr_line' id='line_1_31' title="bbox 2426 1561 4031 1634; baseline 0.002 -22"><span class='ocrx_word' id='word_1_202' title='bbox 2426 1561 2522 1612; x_wconf 79' lang='grc' dir='ltr'><strong>τοῦ</strong></span> <span class='ocrx_word' id='word_1_203' title='bbox 2573 1563 2827 1633; x_wconf 85' lang='grc' dir='ltr'>Χοσρόη,</span> <span class='ocrx_word' id='word_1_204' title='bbox 2882 1565 3139 1617; x_wconf 81' lang='grc' dir='ltr'>ἐκέλευσε</span> <span class='ocrx_word' id='word_1_205' title='bbox 3195 1565 3415 1618; x_wconf 78' lang='grc' dir='ltr'>σύνοδον</span> <span class='ocrx_word' id='word_1_206' title='bbox 3464 1565 3722 1631; x_wconf 83' lang='grc' dir='ltr'>γενέσθαι</span> <span class='ocrx_word' id='word_1_207' title='bbox 3776 1568 4031 1634; x_wconf 84' lang='grc' dir='ltr'>μεγάλην</span> 
     </span>
    </p>
   </div>
   <div class='ocr_carea' id='block_1_32' title="bbox 2428 1656 4030 1727">
    <p class='ocr_par' dir='ltr' id='par_1_32' title="bbox 2428 1656 4030 1727">
     <span class='ocr_line' id='line_1_32' title="bbox 2428 1656 4030 1727; baseline 0.002 -22"><span class='ocrx_word' id='word_1_208' title='bbox 2428 1656 2646 1707; x_wconf 86' lang='grc' dir='ltr'>πάντων</span> <span class='ocrx_word' id='word_1_209' title='bbox 2700 1657 3019 1709; x_wconf 78' lang='grc' dir='ltr'>ἐπισκόπων</span> <span class='ocrx_word' id='word_1_210' title='bbox 3075 1658 3168 1711; x_wconf 76' lang='grc' dir='ltr'>καὶ</span> <span class='ocrx_word' id='word_1_211' title='bbox 3223 1659 3563 1711; x_wconf 76' lang='grc' dir='ltr'><strong>διδασκάλων</strong></span> <span class='ocrx_word' id='word_1_212' title='bbox 3620 1658 3717 1727; x_wconf 75' lang='grc' dir='ltr'>τῆς</span> <span class='ocrx_word' id='word_1_213' title='bbox 3775 1660 4030 1727; x_wconf 75' lang='grc' dir='ltr'>μεγάλης</span> 
     </span>
    </p>
   </div>
   <div class='ocr_carea' id='block_1_33' title="bbox 2440 1745 4028 1817">
    <p class='ocr_par' dir='ltr' id='par_1_33' title="bbox 2440 1745 4028 1817">
     <span class='ocr_line' id='line_1_33' title="bbox 2440 1745 4028 1817; baseline 0.001 -19"><span class='ocrx_word' id='word_1_214' title='bbox 2440 1745 2733 1815; x_wconf 74' lang='grc' dir='ltr'>Ἀρμενίας</span> <span class='ocrx_word' id='word_1_215' title='bbox 2758 1786 2773 1809; x_wconf 85' lang='grc'><strong>,</strong></span> <span class='ocrx_word' id='word_1_216' title='bbox 2810 1747 2906 1798; x_wconf 81' lang='grc' dir='ltr'>σὺν</span> <span class='ocrx_word' id='word_1_217' title='bbox 2937 1746 3015 1815; x_wconf 86' lang='grc' dir='ltr'><strong>τῷ</strong></span> <span class='ocrx_word' id='word_1_218' title='bbox 3064 1748 3342 1817; x_wconf 85' lang='grc' dir='ltr'>καθολικῴ</span> <span class='ocrx_word' id='word_1_219' title='bbox 3372 1747 3579 1816; x_wconf 77' lang='grc' dir='ltr'>Ἕσδρα</span> <span class='ocrx_word' id='word_1_220' title='bbox 3614 1749 3708 1799; x_wconf 74' lang='grc' dir='ltr'><strong>καὶ</strong></span> <span class='ocrx_word' id='word_1_221' title='bbox 3741 1752 3880 1799; x_wconf 64' lang='grc' dir='ltr'>πᾶσι</span> <span class='ocrx_word' id='word_1_222' title='bbox 3911 1753 4028 1811; x_wconf 87' lang='grc' dir='ltr'>τοῖς</span> 
     </span>
    </p>
   </div>
   <div class='ocr_carea' id='block_1_34' title="bbox 741 1806 2304 1907">
    <p class='ocr_par' dir='ltr' id='par_1_34' title="bbox 741 1834 2304 1907">
     <span class='ocr_line' id='line_1_34' title="bbox 741 1834 2304 1907; baseline -0.001 -19"><span class='ocrx_word' id='word_1_223' title='bbox 741 1838 883 1904; x_wconf 75' lang='lat' dir='ltr'><strong>quiri</strong></span> <span class='ocrx_word' id='word_1_224' title='bbox 913 1847 965 1889; x_wconf 89' lang='lat' dir='ltr'><strong>et</strong></span> <span class='ocrx_word' id='word_1_225' title='bbox 998 1838 1268 1907; x_wconf 86' lang='lat' dir='ltr'><strong>dispicere</strong></span> <span class='ocrx_word' id='word_1_226' title='bbox 1318 1838 1383 1889; x_wconf 88' lang='lat' dir='ltr'><strong>de</strong></span> <span class='ocrx_word' id='word_1_227' title='bbox 1418 1835 1627 1889; x_wconf 88' lang='lat' dir='ltr'><strong>duabus</strong></span> <span class='ocrx_word' id='word_1_228' title='bbox 1659 1836 1711 1889; x_wconf 92' lang='lat' dir='ltr'><strong>in</strong></span> <span class='ocrx_word' id='word_1_229' title='bbox 1750 1835 1971 1889; x_wconf 86' lang='lat' dir='ltr'><strong>Christo</strong></span> <span class='ocrx_word' id='word_1_230' title='bbox 2006 1834 2115 1889; x_wconf 63' lang='lat' dir='ltr'><strong>Deo</strong></span> <span class='ocrx_word' id='word_1_231' title='bbox 2138 1849 2304 1889; x_wconf 70' lang='lat' dir='ltr'><strong>llOSll&#39;t</strong></span> 
     </span>
    </p>
   </div>
   <div class='ocr_carea' id='block_1_35' title="bbox 2413 1806 4025 1907">
    <p class='ocr_par' dir='ltr' id='par_1_35' title="bbox 2443 1835 4025 1907">
     <span class='ocr_line' id='line_1_35' title="bbox 2443 1835 4025 1907; baseline 0.003 -22"><span class='ocrx_word' id='word_1_232' title='bbox 2443 1835 2686 1897; x_wconf 77' lang='grc' dir='ltr'>’Λζάτοις</span> <span class='ocrx_word' id='word_1_233' title='bbox 2738 1837 2796 1887; x_wconf 88' lang='grc' dir='ltr'><strong>ἐν</strong></span> <span class='ocrx_word' id='word_1_234' title='bbox 2843 1837 3314 1901; x_wconf 74' lang='grc' dir='ltr'>θεοδοσιουπόλει,</span> <span class='ocrx_word' id='word_1_235' title='bbox 3367 1838 3597 1907; x_wconf 80' lang='grc' dir='ltr'>ἔρευναν</span> <span class='ocrx_word' id='word_1_236' title='bbox 3642 1838 3874 1904; x_wconf 82' lang='grc' dir='ltr'>ποιῆσαι</span> <span class='ocrx_word' id='word_1_237' title='bbox 3928 1839 4025 1891; x_wconf 81' lang='grc' dir='ltr'>καὶ</span> 
     </span>
    </p>
   </div>
   <div class='ocr_carea' id='block_1_36' title="bbox 739 1926 2326 1997">
    <p class='ocr_par' dir='ltr' id='par_1_36' title="bbox 739 1926 2326 1997">
     <span class='ocr_line' id='line_1_36' title="bbox 739 1926 2326 1997; baseline 0 -16"><span class='ocrx_word' id='word_1_238' title='bbox 739 1931 971 1990; x_wconf 85' lang='lat' dir='ltr'><strong>naturis,</strong></span> <span class='ocrx_word' id='word_1_239' title='bbox 1024 1945 1085 1983; x_wconf 90' lang='lat' dir='ltr'><strong>ac</strong></span> <span class='ocrx_word' id='word_1_240' title='bbox 1117 1931 1183 1983; x_wconf 91' lang='lat' dir='ltr'><strong>de</strong></span> <span class='ocrx_word' id='word_1_241' title='bbox 1233 1930 1442 1997; x_wconf 83' lang='lat' dir='ltr'><strong>synodo</strong></span> <span class='ocrx_word' id='word_1_242' title='bbox 1494 1926 1945 1982; x_wconf 85' lang='lat' dir='ltr'><strong>Chalcedonensi.</strong></span> <span class='ocrx_word' id='word_1_243' title='bbox 1998 1926 2326 1997; x_wconf 62' lang='lat' dir='ltr'><strong>Perquisie-o</strong></span> 
     </span>
    </p>
   </div>
   <div class='ocr_carea' id='block_1_37' title="bbox 740 2020 2321 2091">
    <p class='ocr_par' dir='ltr' id='par_1_37' title="bbox 740 2020 2321 2091">
     <span class='ocr_line' id='line_1_37' title="bbox 740 2020 2321 2091; baseline 0 -17"><span class='ocrx_word' id='word_1_244' title='bbox 740 2032 862 2074; x_wconf 91' lang='lat' dir='ltr'><strong>runt</strong></span> <span class='ocrx_word' id='word_1_245' title='bbox 898 2037 1024 2091; x_wconf 79' lang='lat' dir='ltr'><strong>ergo</strong></span> <span class='ocrx_word' id='word_1_246' title='bbox 1071 2035 1167 2090; x_wconf 89' lang='lat' dir='ltr'><strong>per</strong></span> <span class='ocrx_word' id='word_1_247' title='bbox 1226 2036 1468 2075; x_wconf 89' lang='lat' dir='ltr'><strong>mensem</strong></span> <span class='ocrx_word' id='word_1_248' title='bbox 1511 2035 1699 2090; x_wconf 74' lang='lat' dir='ltr'><strong>;eque</strong></span> <span class='ocrx_word' id='word_1_249' title='bbox 1761 2020 2062 2090; x_wconf 87' lang='lat' dir='ltr'><strong>Seripturis</strong></span> <span class='ocrx_word' id='word_1_250' title='bbox 2118 2021 2321 2074; x_wconf 78' lang='lat' dir='ltr'><strong>inducti</strong></span> 
     </span>
    </p>
   </div>
   <div class='ocr_carea' id='block_1_38' title="bbox 739 2110 2317 2181">
    <p class='ocr_par' dir='ltr' id='par_1_38' title="bbox 739 2110 2317 2181">
     <span class='ocr_line' id='line_1_38' title="bbox 739 2110 2317 2181; baseline 0.001 -19"><span class='ocrx_word' id='word_1_251' title='bbox 739 2111 805 2163; x_wconf 90' lang='lat' dir='ltr'><strong>ad</strong></span> <span class='ocrx_word' id='word_1_252' title='bbox 866 2113 1023 2163; x_wconf 84' lang='lat' dir='ltr'><strong>iidem</strong></span> <span class='ocrx_word' id='word_1_253' title='bbox 1090 2110 1355 2171; x_wconf 83' lang='lat' dir='ltr'><strong>Armenii,</strong></span> <span class='ocrx_word' id='word_1_254' title='bbox 1408 2111 1609 2178; x_wconf 70' lang='lat' dir='ltr'><strong>sei-ipta</strong></span> <span class='ocrx_word' id='word_1_255' title='bbox 1666 2126 1826 2163; x_wconf 90' lang='lat' dir='ltr'><strong>manu</strong></span> <span class='ocrx_word' id='word_1_256' title='bbox 1887 2111 2105 2181; x_wconf 88' lang='lat' dir='ltr'><strong>propria</strong></span> <span class='ocrx_word' id='word_1_257' title='bbox 2156 2114 2317 2164; x_wconf 83' lang='lat' dir='ltr'><strong>selte-</strong></span> 
     </span>
    </p>
   </div>
   <div class='ocr_carea' id='block_1_39' title="bbox 737 2203 2320 2272">
    <p class='ocr_par' dir='ltr' id='par_1_39' title="bbox 737 2203 2320 2272">
     <span class='ocr_line' id='line_1_39' title="bbox 737 2203 2320 2272; baseline 0.001 -16"><span class='ocrx_word' id='word_1_258' title='bbox 737 2204 883 2269; x_wconf 85' lang='lat' dir='ltr'><strong>dula,</strong></span> <span class='ocrx_word' id='word_1_259' title='bbox 950 2204 1087 2257; x_wconf 88' lang='lat' dir='ltr'><strong>nihil</strong></span> <span class='ocrx_word' id='word_1_260' title='bbox 1147 2218 1204 2257; x_wconf 86' lang='lat' dir='ltr'><strong>se</strong></span> <span class='ocrx_word' id='word_1_261' title='bbox 1257 2204 1491 2272; x_wconf 75' lang='lat' dir='ltr'><strong>amplius</strong></span> <span class='ocrx_word' id='word_1_262' title='bbox 1542 2217 1608 2258; x_wconf 88' lang='lat' dir='ltr'><strong>ea</strong></span> <span class='ocrx_word' id='word_1_263' title='bbox 1659 2203 1712 2257; x_wconf 86' lang='lat' dir='ltr'><strong>iii</strong></span> <span class='ocrx_word' id='word_1_264' title='bbox 1765 2218 1822 2257; x_wconf 89' lang='lat' dir='ltr'><strong>re</strong></span> <span class='ocrx_word' id='word_1_265' title='bbox 1880 2204 2320 2257; x_wconf 83' lang='lat' dir='ltr'><strong>contradictttros</strong></span> 
     </span>
    </p>
   </div>
   <div class='ocr_carea' id='block_1_40' title="bbox 730 2302 1003 2369">
    <p class='ocr_par' dir='ltr' id='par_1_40' title="bbox 730 2302 1003 2369">
     <span class='ocr_line' id='line_1_40' title="bbox 730 2302 1003 2369; baseline 0.018 -20"><span class='ocrx_word' id='word_1_266' title='bbox 730 2302 1003 2369; x_wconf 84' lang='lat' dir='ltr'><strong>jnrarunt.</strong></span> 
     </span>
    </p>
   </div>
   <div class='ocr_carea' id='block_1_41' title="bbox 808 2388 2317 2462">
    <p class='ocr_par' dir='ltr' id='par_1_41' title="bbox 808 2388 2317 2462">
     <span class='ocr_line' id='line_1_41' title="bbox 808 2388 2317 2462; baseline -0.003 -15"><span class='ocrx_word' id='word_1_267' title='bbox 808 2394 1034 2451; x_wconf 83' lang='lat' dir='ltr'><strong>Reversi</strong></span> <span class='ocrx_word' id='word_1_268' title='bbox 1098 2408 1228 2462; x_wconf 82' lang='lat' dir='ltr'><strong>ergo</strong></span> <span class='ocrx_word' id='word_1_269' title='bbox 1277 2401 1403 2447; x_wconf 91' lang='lat' dir='ltr'><strong>sunt</strong></span> <span class='ocrx_word' id='word_1_270' title='bbox 1458 2391 1511 2444; x_wconf 91' lang='lat' dir='ltr'><strong>in</strong></span> <span class='ocrx_word' id='word_1_271' title='bbox 1564 2388 1755 2455; x_wconf 84' lang='lat' dir='ltr'><strong>Tiben,</strong></span> <span class='ocrx_word' id='word_1_272' title='bbox 1815 2399 2035 2459; x_wconf 88' lang='lat' dir='ltr'><strong>tumque</strong></span> <span class='ocrx_word' id='word_1_273' title='bbox 2084 2389 2317 2444; x_wconf 79' lang='lat' dir='ltr'><strong>Joannes</strong></span> 
     </span>
    </p>
   </div>
   <div class='ocr_carea' id='block_1_42' title="bbox 735 2483 2313 2552">
    <p class='ocr_par' dir='ltr' id='par_1_42' title="bbox 735 2483 2313 2552">
     <span class='ocr_line' id='line_1_42' title="bbox 735 2483 2313 2552; baseline -0.004 -12"><span class='ocrx_word' id='word_1_274' title='bbox 735 2488 948 2541; x_wconf 83' lang='lat' dir='ltr'><strong>sodales</strong></span> <span class='ocrx_word' id='word_1_275' title='bbox 996 2485 1288 2539; x_wconf 69' lang='lat' dir='ltr'><strong>monachos</strong></span> <span class='ocrx_word' id='word_1_276' title='bbox 1343 2484 1676 2552; x_wconf 80' lang='lat' dir='ltr'><strong>provocavit,</strong></span> <span class='ocrx_word' id='word_1_277' title='bbox 1709 2496 1809 2535; x_wconf 88' lang='lat' dir='ltr'><strong>nec</strong></span> <span class='ocrx_word' id='word_1_278' title='bbox 1845 2498 1950 2536; x_wconf 91' lang='lat' dir='ltr'><strong>non</strong></span> <span class='ocrx_word' id='word_1_279' title='bbox 1980 2483 2313 2550; x_wconf 89' lang='lat' dir='ltr'><strong>Stephanum</strong></span> 
     </span>
    </p>
   </div>
   <div class='ocr_carea' id='block_1_43' title="bbox 734 2574 2311 2648">
    <p class='ocr_par' dir='ltr' id='par_1_43' title="bbox 734 2574 2311 2648">
     <span class='ocr_line' id='line_1_43' title="bbox 734 2574 2311 2648; baseline -0.005 -15"><span class='ocrx_word' id='word_1_280' title='bbox 734 2580 1047 2648; x_wconf 90' lang='lat' dir='ltr'><strong>episcopum</strong></span> <span class='ocrx_word' id='word_1_281' title='bbox 1106 2579 1459 2639; x_wconf 85' lang='lat' dir='ltr'><strong>Cartamana,</strong></span> <span class='ocrx_word' id='word_1_282' title='bbox 1514 2590 1575 2630; x_wconf 87' lang='lat' dir='ltr'><strong>ac</strong></span> <span class='ocrx_word' id='word_1_283' title='bbox 1613 2574 1911 2628; x_wconf 80' lang='lat' dir='ltr'><strong>Matltusala</strong></span> <span class='ocrx_word' id='word_1_284' title='bbox 1953 2582 2131 2627; x_wconf 90' lang='lat' dir='ltr'><strong>ortum</strong></span> <span class='ocrx_word' id='word_1_285' title='bbox 2161 2574 2311 2640; x_wconf 83' lang='lat' dir='ltr'><strong>Sina,</strong></span> 
     </span>
    </p>
   </div>
   <div class='ocr_carea' id='block_1_44' title="bbox 733 2667 2313 2737">
    <p class='ocr_par' dir='ltr' id='par_1_44' title="bbox 733 2667 2313 2737">
     <span class='ocr_line' id='line_1_44' title="bbox 733 2667 2313 2737; baseline 0.003 -21"><span class='ocrx_word' id='word_1_286' title='bbox 733 2671 1107 2737; x_wconf 80' lang='lat' dir='ltr'><strong>quosdamque</strong></span> <span class='ocrx_word' id='word_1_287' title='bbox 1148 2668 1304 2729; x_wconf 83' lang='lat' dir='ltr'><strong>alios,</strong></span> <span class='ocrx_word' id='word_1_288' title='bbox 1348 2667 1489 2720; x_wconf 89' lang='lat' dir='ltr'><strong>haud</strong></span> <span class='ocrx_word' id='word_1_289' title='bbox 1535 2667 1761 2720; x_wconf 91' lang='lat' dir='ltr'><strong>omnino</strong></span> <span class='ocrx_word' id='word_1_290' title='bbox 1791 2667 1845 2719; x_wconf 89' lang='lat' dir='ltr'><strong>in</strong></span> <span class='ocrx_word' id='word_1_291' title='bbox 1884 2667 2150 2734; x_wconf 85' lang='lat' dir='ltr'><strong>synodum</strong></span> <span class='ocrx_word' id='word_1_292' title='bbox 2179 2682 2313 2721; x_wconf 88' lang='lat' dir='ltr'><strong>con-</strong></span> 
     </span>
    </p>
   </div>
   <div class='ocr_carea' id='block_1_45' title="bbox 730 2758 2310 2825">
    <p class='ocr_par' dir='ltr' id='par_1_45' title="bbox 730 2758 2310 2825">
     <span class='ocr_line' id='line_1_45' title="bbox 730 2758 2310 2825; baseline -0.001 -12"><span class='ocrx_word' id='word_1_293' title='bbox 730 2760 1058 2822; x_wconf 67' lang='lat' dir='ltr'><strong>sentientes,</strong></span> <span class='ocrx_word' id='word_1_294' title='bbox 1089 2769 1146 2811; x_wconf 91' lang='lat' dir='ltr'><strong>ut</strong></span> <span class='ocrx_word' id='word_1_295' title='bbox 1176 2772 1241 2812; x_wconf 89' lang='lat' dir='ltr'><strong>ne</strong></span> <span class='ocrx_word' id='word_1_296' title='bbox 1273 2758 1453 2812; x_wconf 81' lang='lat' dir='ltr'><strong>Esdrae</strong></span> <span class='ocrx_word' id='word_1_297' title='bbox 1496 2758 1766 2813; x_wconf 86' lang='lat' dir='ltr'><strong>eatltolico</strong></span> <span class='ocrx_word' id='word_1_298' title='bbox 1815 2758 2310 2825; x_wconf 85' lang='lat' dir='ltr'><strong>communicarent,</strong></span> 
     </span>
    </p>
   </div>
   <div class='ocr_carea' id='block_1_46' title="bbox 728 2850 2308 2921">
    <p class='ocr_par' dir='ltr' id='par_1_46' title="bbox 728 2850 2308 2921">
     <span class='ocr_line' id='line_1_46' title="bbox 728 2850 2308 2921; baseline 0 -16"><span class='ocrx_word' id='word_1_299' title='bbox 728 2862 822 2906; x_wconf 86' lang='lat' dir='ltr'><strong>aut</strong></span> <span class='ocrx_word' id='word_1_300' title='bbox 852 2867 975 2905; x_wconf 88' lang='lat' dir='ltr'><strong>cum</strong></span> <span class='ocrx_word' id='word_1_301' title='bbox 1008 2852 1072 2905; x_wconf 92' lang='lat' dir='ltr'><strong>iis</strong></span> <span class='ocrx_word' id='word_1_302' title='bbox 1094 2852 1184 2921; x_wconf 87' lang='lat' dir='ltr'><strong>qni</strong></span> <span class='ocrx_word' id='word_1_303' title='bbox 1208 2853 1394 2905; x_wconf 88' lang='lat' dir='ltr'><strong>eadem</strong></span> <span class='ocrx_word' id='word_1_304' title='bbox 1437 2859 1599 2919; x_wconf 84' lang='lat' dir='ltr'><strong>atque</strong></span> <span class='ocrx_word' id='word_1_305' title='bbox 1641 2850 1730 2903; x_wconf 93' lang='lat' dir='ltr'><strong>ille</strong></span> <span class='ocrx_word' id='word_1_306' title='bbox 1756 2861 2035 2917; x_wconf 83' lang='lat' dir='ltr'><strong>saperent.</strong></span> <span class='ocrx_word' id='word_1_307' title='bbox 2084 2852 2308 2905; x_wconf 82' lang='lat' dir='ltr'><strong>Interim</strong></span> 
     </span>
    </p>
   </div>
   <div class='ocr_carea' id='block_1_47' title="bbox 726 2944 2305 3011">
    <p class='ocr_par' dir='ltr' id='par_1_47' title="bbox 726 2944 2305 3011">
     <span class='ocr_line' id='line_1_47' title="bbox 726 2944 2305 3011; baseline 0 -15"><span class='ocrx_word' id='word_1_308' title='bbox 726 2958 856 2997; x_wconf 84' lang='lat' dir='ltr'><strong>vero</strong></span> <span class='ocrx_word' id='word_1_309' title='bbox 903 2944 1030 2997; x_wconf 92' lang='lat' dir='ltr'><strong>dum</strong></span> <span class='ocrx_word' id='word_1_310' title='bbox 1068 2953 1326 3011; x_wconf 80' lang='lat' dir='ltr'><strong>provocat</strong></span> <span class='ocrx_word' id='word_1_311' title='bbox 1375 2956 1587 2996; x_wconf 88' lang='lat' dir='ltr'><strong>omnes.</strong></span> <span class='ocrx_word' id='word_1_312' title='bbox 1638 2957 1701 2996; x_wconf 86' lang='lat' dir='ltr'><strong>ac</strong></span> <span class='ocrx_word' id='word_1_313' title='bbox 1759 2944 1951 2996; x_wconf 87' lang='lat' dir='ltr'><strong>nititur</strong></span> <span class='ocrx_word' id='word_1_314' title='bbox 1983 2945 2305 2998; x_wconf 82' lang='lat' dir='ltr'><strong>asententia</strong></span> 
     </span>
    </p>
   </div>
   <div class='ocr_carea' id='block_1_48' title="bbox 724 3034 2307 3104">
    <p class='ocr_par' dir='ltr' id='par_1_48' title="bbox 724 3034 2307 3104">
     <span class='ocr_line' id='line_1_48' title="bbox 724 3034 2307 3104; baseline -0.001 -14"><span class='ocrx_word' id='word_1_315' title='bbox 724 3050 1004 3099; x_wconf 84' lang='lat' dir='ltr'><strong>revocare,</strong></span> <span class='ocrx_word' id='word_1_316' title='bbox 1058 3036 1336 3089; x_wconf 85' lang='lat' dir='ltr'><strong>nonnullis</strong></span> <span class='ocrx_word' id='word_1_317' title='bbox 1394 3034 1505 3102; x_wconf 88' lang='lat' dir='ltr'><strong>jam</strong></span> <span class='ocrx_word' id='word_1_318' title='bbox 1552 3050 1767 3097; x_wconf 84' lang='lat' dir='ltr'><strong>eorum,</strong></span> <span class='ocrx_word' id='word_1_319' title='bbox 1807 3035 1899 3104; x_wconf 85' lang='lat' dir='ltr'><strong>qui</strong></span> <span class='ocrx_word' id='word_1_320' title='bbox 1944 3034 2307 3089; x_wconf 80' lang='lat' dir='ltr'><strong>interfuerant</strong></span> 
     </span>
    </p>
   </div>
   <div class='ocr_carea' id='block_1_49' title="bbox 2432 1927 4023 1999">
    <p class='ocr_par' dir='ltr' id='par_1_49' title="bbox 2432 1927 4023 1999">
     <span class='ocr_line' id='line_1_49' title="bbox 2432 1927 4023 1999; baseline 0.004 -22"><span class='ocrx_word' id='word_1_321' title='bbox 2432 1928 2559 1978; x_wconf 86' lang='grc' dir='ltr'><strong>ίδείν</strong></span> <span class='ocrx_word' id='word_1_322' title='bbox 2600 1928 2725 1995; x_wconf 76' lang='grc' dir='ltr'>περὶ</span> <span class='ocrx_word' id='word_1_323' title='bbox 2762 1927 2871 1979; x_wconf 85' lang='grc' dir='ltr'>τῶν</span> <span class='ocrx_word' id='word_1_324' title='bbox 2907 1928 3000 1980; x_wconf 80' lang='grc' dir='ltr'><strong>δύο</strong></span> <span class='ocrx_word' id='word_1_325' title='bbox 3036 1928 3252 1996; x_wconf 81' lang='grc' dir='ltr'>φύσεων</span> <span class='ocrx_word' id='word_1_326' title='bbox 3287 1928 3397 1981; x_wconf 85' lang='grc' dir='ltr'><strong>τῶν</strong></span> <span class='ocrx_word' id='word_1_327' title='bbox 3431 1931 3490 1981; x_wconf 82' lang='grc' dir='ltr'><strong>ἐν</strong></span> <span class='ocrx_word' id='word_1_328' title='bbox 3526 1929 3749 1999; x_wconf 78' lang='grc' dir='ltr'><strong>Χριστῷ</strong></span> <span class='ocrx_word' id='word_1_329' title='bbox 3782 1930 3864 1999; x_wconf 82' lang='grc' dir='ltr'><strong>τῷ</strong></span> <span class='ocrx_word' id='word_1_330' title='bbox 3901 1931 4023 1998; x_wconf 82' lang='grc' dir='ltr'><strong>Θεῴ</strong></span> 
     </span>
    </p>
   </div>
   <div class='ocr_carea' id='block_1_50' title="bbox 2426 2015 4023 2091">
    <p class='ocr_par' dir='ltr' id='par_1_50' title="bbox 2426 2015 4023 2091">
     <span class='ocr_line' id='line_1_50' title="bbox 2426 2015 4023 2091; baseline 0.008 -28"><span class='ocrx_word' id='word_1_331' title='bbox 2426 2016 2456 2083; x_wconf 81' lang='grc' dir='ltr'><strong>ή</strong></span> <span class='ocrx_word' id='word_1_332' title='bbox 2468 2015 2603 2082; x_wconf 82' lang='grc' dir='ltr'>μῶν,</span> <span class='ocrx_word' id='word_1_333' title='bbox 2638 2018 2732 2068; x_wconf 80' lang='grc' dir='ltr'>καὶ</span> <span class='ocrx_word' id='word_1_334' title='bbox 2760 2018 2888 2086; x_wconf 75' lang='grc' dir='ltr'>περὶ</span> <span class='ocrx_word' id='word_1_335' title='bbox 2916 2019 3015 2087; x_wconf 83' lang='grc' dir='ltr'><strong>τῆς</strong></span> <span class='ocrx_word' id='word_1_336' title='bbox 3045 2018 3265 2071; x_wconf 75' lang='grc' dir='ltr'>σύνοδον</span> <span class='ocrx_word' id='word_1_337' title='bbox 3294 2021 3392 2086; x_wconf 78' lang='grc' dir='ltr'>τῆς</span> <span class='ocrx_word' id='word_1_338' title='bbox 3424 2020 3791 2090; x_wconf 76' lang='grc' dir='ltr'>Καλχηδόνος.</span> <span class='ocrx_word' id='word_1_339' title='bbox 3824 2024 4023 2091; x_wconf 79' lang='grc' dir='ltr'>Ἡρεύ-</span> 
     </span>
    </p>
   </div>
   <div class='ocr_carea' id='block_1_51' title="bbox 2426 2104 4022 2183">
    <p class='ocr_par' dir='ltr' id='par_1_51' title="bbox 2426 2104 4022 2183">
     <span class='ocr_line' id='line_1_51' title="bbox 2426 2104 4022 2183; baseline 0.006 -24"><span class='ocrx_word' id='word_1_340' title='bbox 2426 2124 2596 2175; x_wconf 83' lang='grc' dir='ltr'>νησαν</span> <span class='ocrx_word' id='word_1_341' title='bbox 2642 2104 2734 2162; x_wconf 76' lang='grc' dir='ltr'><strong>οὖν</strong></span> <span class='ocrx_word' id='word_1_342' title='bbox 2779 2110 2869 2162; x_wconf 84' lang='grc' dir='ltr'>διὰ</span> <span class='ocrx_word' id='word_1_343' title='bbox 2922 2111 3091 2181; x_wconf 82' lang='grc' dir='ltr'>μηνὸς</span> <span class='ocrx_word' id='word_1_344' title='bbox 3137 2114 3383 2181; x_wconf 76' lang='grc' dir='ltr'>ἡμερῶν,</span> <span class='ocrx_word' id='word_1_345' title='bbox 3432 2114 3529 2165; x_wconf 63' lang='grc' dir='ltr'><strong>καλ⁵</strong></span> <span class='ocrx_word' id='word_1_346' title='bbox 3575 2114 3918 2183; x_wconf 78' lang='grc' dir='ltr'>ἐπείσθησαν</span> <span class='ocrx_word' id='word_1_347' title='bbox 3970 2118 4022 2169; x_wconf 85' lang='grc' dir='ltr'>οί</span> 
     </span>
    </p>
   </div>
   <div class='ocr_carea' id='block_1_52' title="bbox 2437 2200 4021 2278">
    <p class='ocr_par' dir='ltr' id='par_1_52' title="bbox 2437 2200 4021 2278">
     <span class='ocr_line' id='line_1_52' title="bbox 2437 2200 4021 2278; baseline 0.007 -27"><span class='ocrx_word' id='word_1_348' title='bbox 2437 2200 2717 2269; x_wconf 77' lang='grc' dir='ltr'><strong>Ἀρμένιοι</strong></span> <span class='ocrx_word' id='word_1_349' title='bbox 2750 2204 2861 2255; x_wconf 83' lang='grc' dir='ltr'><strong>ἀπὸ</strong></span> <span class='ocrx_word' id='word_1_350' title='bbox 2892 2204 2999 2257; x_wconf 83' lang='grc' dir='ltr'><strong>τῶν</strong></span> <span class='ocrx_word' id='word_1_351' title='bbox 3030 2204 3294 2274; x_wconf 83' lang='grc' dir='ltr'>Γραφῶν,</span> <span class='ocrx_word' id='word_1_352' title='bbox 3332 2208 3427 2257; x_wconf 77' lang='grc' dir='ltr'>καὶ</span> <span class='ocrx_word' id='word_1_353' title='bbox 3458 2207 3684 2273; x_wconf 77' lang='grc' dir='ltr'>ὤμοσαν</span> <span class='ocrx_word' id='word_1_354' title='bbox 3716 2208 4021 2278; x_wconf 63' lang='grc' dir='ltr'>ἐγγράφως</span> 
     </span>
    </p>
   </div>
   <div class='ocr_carea' id='block_1_53' title="bbox 2426 2288 3835 2363">
    <p class='ocr_par' dir='ltr' id='par_1_53' title="bbox 2426 2288 3835 2363">
     <span class='ocr_line' id='line_1_53' title="bbox 2426 2288 3835 2363; baseline 0.006 -24"><span class='ocrx_word' id='word_1_355' title='bbox 2426 2288 2749 2359; x_wconf 75' lang='grc' dir='ltr'>ἱδιοχείρως,</span> <span class='ocrx_word' id='word_1_356' title='bbox 2780 2290 2877 2343; x_wconf 75' lang='grc' dir='ltr'><strong>τοῦ</strong></span> <span class='ocrx_word' id='word_1_357' title='bbox 2914 2296 3116 2362; x_wconf 84' lang='grc' dir='ltr'><strong>μηκέτι</strong></span> <span class='ocrx_word' id='word_1_358' title='bbox 3148 2292 3453 2361; x_wconf 78' lang='grc' dir='ltr'>ἀντιλέγειν</span> <span class='ocrx_word' id='word_1_359' title='bbox 3486 2295 3612 2363; x_wconf 78' lang='grc' dir='ltr'>περὶ</span> <span class='ocrx_word' id='word_1_360' title='bbox 3646 2295 3835 2348; x_wconf 76' lang='grc' dir='ltr'><strong>αὑτοῦ.</strong></span> 
     </span>
    </p>
   </div>
   <div class='ocr_carea' id='block_1_54' title="bbox 2506 2383 4018 2461">
    <p class='ocr_par' dir='ltr' id='par_1_54' title="bbox 2506 2383 4018 2461">
     <span class='ocr_line' id='line_1_54' title="bbox 2506 2383 4018 2461; baseline 0.003 -24"><span class='ocrx_word' id='word_1_361' title='bbox 2506 2383 2983 2454; x_wconf 69' lang='grc' dir='ltr'>’Υποστρέψαντες</span> <span class='ocrx_word' id='word_1_362' title='bbox 3037 2385 3099 2457; x_wconf 77' lang='grc' dir='ltr'>ιι.</span> <span class='ocrx_word' id='word_1_363' title='bbox 3150 2388 3527 2459; x_wconf 69' lang='grc' dir='ltr'><strong>ὑπέστρεψαν]</strong></span> <span class='ocrx_word' id='word_1_364' title='bbox 3579 2390 3658 2451; x_wconf 86' lang='grc' dir='ltr'><strong>είς</strong></span> <span class='ocrx_word' id='word_1_365' title='bbox 3702 2391 4018 2461; x_wconf 70' lang='grc' dir='ltr'>τδΤιὸὴν,</span> 
     </span>
    </p>
   </div>
   <div class='ocr_carea' id='block_1_55' title="bbox 2398 2478 4018 2552">
    <p class='ocr_par' dir='ltr' id='par_1_55' title="bbox 2398 2478 4018 2552">
     <span class='ocr_line' id='line_1_55' title="bbox 2398 2478 4018 2552; baseline 0.004 -23"><span class='ocrx_word' id='word_1_366' title='bbox 2398 2480 2511 2543; x_wconf 31' lang='grc' dir='ltr'>κκαὶ</span> <span class='ocrx_word' id='word_1_367' title='bbox 2540 2479 2565 2527; x_wconf 87' lang='grc' dir='ltr'>ὁ</span> <span class='ocrx_word' id='word_1_368' title='bbox 2595 2478 2758 2539; x_wconf 72' lang='grc' dir='ltr'>αὐτὸς</span> <span class='ocrx_word' id='word_1_369' title='bbox 2796 2479 3441 2551; x_wconf 58' lang='grc' dir='ltr'>Ἰωάννηςιπαρώτρυνεν</span> <span class='ocrx_word' id='word_1_370' title='bbox 3466 2483 3592 2544; x_wconf 69' lang='grc' dir='ltr'>τοὺς</span> <span class='ocrx_word' id='word_1_371' title='bbox 3622 2486 4018 2552; x_wconf 69' lang='grc' dir='ltr'>συμμοναχονς</span> 
     </span>
    </p>
   </div>
   <div class='ocr_carea' id='block_1_56' title="bbox 2418 2569 4012 2644">
    <p class='ocr_par' dir='ltr' id='par_1_56' title="bbox 2418 2569 4012 2644">
     <span class='ocr_line' id='line_1_56' title="bbox 2418 2569 4012 2644; baseline 0.004 -22"><span class='ocrx_word' id='word_1_372' title='bbox 2418 2569 2585 2622; x_wconf 79' lang='grc' dir='ltr'>αὐτοῦ</span> <span class='ocrx_word' id='word_1_373' title='bbox 2608 2610 2621 2633; x_wconf 96' lang='grc'><strong>,</strong></span> <span class='ocrx_word' id='word_1_374' title='bbox 2656 2575 2750 2623; x_wconf 72' lang='grc' dir='ltr'>καὶ</span> <span class='ocrx_word' id='word_1_375' title='bbox 2786 2574 2875 2623; x_wconf 71' lang='grc' dir='ltr'>τὸν</span> <span class='ocrx_word' id='word_1_376' title='bbox 2907 2573 3182 2641; x_wconf 79' lang='grc' dir='ltr'>Στέφανον</span> <span class='ocrx_word' id='word_1_377' title='bbox 3216 2574 3515 2627; x_wconf 82' lang='grc' dir='ltr'>ἐπίσκοπον</span> <span class='ocrx_word' id='word_1_378' title='bbox 3552 2576 4012 2644; x_wconf 76' lang='grc' dir='ltr'>Καταρταμανᾶ,</span> 
     </span>
    </p>
   </div>
   <div class='ocr_carea' id='block_1_57' title="bbox 2419 2662 4011 2736">
    <p class='ocr_par' dir='ltr' id='par_1_57' title="bbox 2419 2662 4011 2736">
     <span class='ocr_line' id='line_1_57' title="bbox 2419 2662 4011 2736; baseline 0.004 -22"><span class='ocrx_word' id='word_1_379' title='bbox 2419 2664 2510 2714; x_wconf 80' lang='grc' dir='ltr'>καὶ</span> <span class='ocrx_word' id='word_1_380' title='bbox 2536 2662 2625 2714; x_wconf 80' lang='grc' dir='ltr'><strong>τὸν</strong></span> <span class='ocrx_word' id='word_1_381' title='bbox 2652 2662 2989 2717; x_wconf 83' lang='grc' dir='ltr'>Μαθουσάλα</span> <span class='ocrx_word' id='word_1_382' title='bbox 3016 2665 3126 2717; x_wconf 84' lang='grc' dir='ltr'><strong>ἀπὸ</strong></span> <span class='ocrx_word' id='word_1_383' title='bbox 3150 2665 3244 2718; x_wconf 78' lang='grc' dir='ltr'><strong>τοῦ</strong></span> <span class='ocrx_word' id='word_1_384' title='bbox 3276 2667 3458 2736; x_wconf 86' lang='grc' dir='ltr'>Σινῆς,</span> <span class='ocrx_word' id='word_1_385' title='bbox 3489 2670 3583 2719; x_wconf 76' lang='grc' dir='ltr'>καὶ</span> <span class='ocrx_word' id='word_1_386' title='bbox 3611 2667 3806 2729; x_wconf 76' lang='grc' dir='ltr'>ἄλλους</span> <span class='ocrx_word' id='word_1_387' title='bbox 3832 2671 4011 2735; x_wconf 75' lang='grc' dir='ltr'>τινάς,</span> 
     </span>
    </p>
   </div>
   <div class='ocr_carea' id='block_1_58' title="bbox 2414 2758 4011 2834">
    <p class='ocr_par' dir='ltr' id='par_1_58' title="bbox 2414 2758 4011 2834">
     <span class='ocr_line' id='line_1_58' title="bbox 2414 2758 4011 2834; baseline 0.005 -26"><span class='ocrx_word' id='word_1_388' title='bbox 2414 2759 2540 2820; x_wconf 78' lang='grc' dir='ltr'>τοὺς</span> <span class='ocrx_word' id='word_1_389' title='bbox 2582 2758 2659 2827; x_wconf 83' lang='grc' dir='ltr'>μὴ</span> <span class='ocrx_word' id='word_1_390' title='bbox 2698 2759 2906 2811; x_wconf 70' lang='grc' dir='ltr'>ἅπασιν</span> <span class='ocrx_word' id='word_1_391' title='bbox 2952 2760 3206 2826; x_wconf 78' lang='grc' dir='ltr'>εἴξαντας</span> <span class='ocrx_word' id='word_1_392' title='bbox 3246 2764 3325 2824; x_wconf 81' lang='grc' dir='ltr'>εις</span> <span class='ocrx_word' id='word_1_393' title='bbox 3366 2760 3463 2831; x_wconf 83' lang='grc' dir='ltr'>τὴν</span> <span class='ocrx_word' id='word_1_394' title='bbox 3509 2762 3751 2827; x_wconf 78' lang='grc' dir='ltr'>σύνοδον,</span> <span class='ocrx_word' id='word_1_395' title='bbox 3797 2764 3885 2816; x_wconf 87' lang='grc' dir='ltr'><strong>ἰνα</strong></span> <span class='ocrx_word' id='word_1_396' title='bbox 3934 2766 4011 2834; x_wconf 83' lang='grc' dir='ltr'>μὴ</span> 
     </span>
    </p>
   </div>
   <div class='ocr_carea' id='block_1_59' title="bbox 2417 2851 4009 2924">
    <p class='ocr_par' dir='ltr' id='par_1_59' title="bbox 2417 2851 4009 2924">
     <span class='ocr_line' id='line_1_59' title="bbox 2417 2851 4009 2924; baseline 0.004 -23"><span class='ocrx_word' id='word_1_397' title='bbox 2417 2852 2823 2915; x_wconf 86' lang='grc' dir='ltr'>κοινωνήσωσιν</span> <span class='ocrx_word' id='word_1_398' title='bbox 2847 2851 3054 2922; x_wconf 81' lang='grc' dir='ltr'>Ἔσδρᾳ</span> <span class='ocrx_word' id='word_1_399' title='bbox 3095 2852 3393 2921; x_wconf 83' lang='grc' dir='ltr'>καθολικῷ,</span> <span class='ocrx_word' id='word_1_400' title='bbox 3427 2853 3561 2923; x_wconf 82' lang='grc' dir='ltr'>μηδὲ</span> <span class='ocrx_word' id='word_1_401' title='bbox 3591 2856 3702 2917; x_wconf 85' lang='grc' dir='ltr'>τοῖς</span> <span class='ocrx_word' id='word_1_402' title='bbox 3732 2856 3828 2908; x_wconf 72' lang='grc' dir='ltr'>σὺν</span> <span class='ocrx_word' id='word_1_403' title='bbox 3857 2857 4009 2924; x_wconf 71' lang='grc' dir='ltr'>αὑτῴ</span> 
     </span>
    </p>
   </div>
   <div class='ocr_carea' id='block_1_60' title="bbox 2411 2942 4011 3017">
    <p class='ocr_par' dir='ltr' id='par_1_60' title="bbox 2411 2942 4011 3017">
     <span class='ocr_line' id='line_1_60' title="bbox 2411 2942 4011 3017; baseline 0.006 -24"><span class='ocrx_word' id='word_1_404' title='bbox 2411 2942 2871 3011; x_wconf 79' lang='grc' dir='ltr'>δμοφρονήσασιν.</span> <span class='ocrx_word' id='word_1_405' title='bbox 2911 2944 3034 2997; x_wconf 72' lang='lat' dir='ltr'><strong>&quot;Ott</strong></span> <span class='ocrx_word' id='word_1_406' title='bbox 3070 2944 3183 3016; x_wconf 82' lang='grc' dir='ltr'><strong>[ἵσ.</strong></span> <span class='ocrx_word' id='word_1_407' title='bbox 3206 2944 3352 3017; x_wconf 77' lang='grc' dir='ltr'>τότε]</span> <span class='ocrx_word' id='word_1_408' title='bbox 3370 2946 3535 2997; x_wconf 81' lang='grc' dir='ltr'>αὐτοῦ</span> <span class='ocrx_word' id='word_1_409' title='bbox 3569 2950 4011 3017; x_wconf 76' lang='grc' dir='ltr'>παροτρύνοντος</span> 
     </span>
    </p>
   </div>
   <div class='ocr_carea' id='block_1_61' title="bbox 2413 3033 4008 3110">
    <p class='ocr_par' dir='ltr' id='par_1_61' title="bbox 2413 3033 4008 3110">
     <span class='ocr_line' id='line_1_61' title="bbox 2413 3033 4008 3110; baseline 0.004 -27"><span class='ocrx_word' id='word_1_410' title='bbox 2413 3033 2491 3084; x_wconf 87' lang='grc' dir='ltr'><strong>πά</strong></span> <span class='ocrx_word' id='word_1_411' title='bbox 2504 3049 2620 3095; x_wconf 74' lang='grc' dir='ltr'>ιτας</span> <span class='ocrx_word' id='word_1_412' title='bbox 2644 3036 2737 3085; x_wconf 74' lang='grc' dir='ltr'><strong>καὶ</strong></span> <span class='ocrx_word' id='word_1_413' title='bbox 2754 3034 3163 3100; x_wconf 82' lang='grc' dir='ltr'>ἀναπείθοντος,</span> <span class='ocrx_word' id='word_1_414' title='bbox 3188 3037 3281 3088; x_wconf 86' lang='grc' dir='ltr'><strong>καί</strong></span> <span class='ocrx_word' id='word_1_415' title='bbox 3303 3052 3454 3098; x_wconf 87' lang='grc' dir='ltr'>τινας</span> <span class='ocrx_word' id='word_1_416' title='bbox 3475 3036 3585 3089; x_wconf 80' lang='grc' dir='ltr'>τῶν</span> <span class='ocrx_word' id='word_1_417' title='bbox 3609 3042 3667 3089; x_wconf 82' lang='grc' dir='ltr'><strong>ἐν</strong></span> <span class='ocrx_word' id='word_1_418' title='bbox 3699 3042 3765 3107; x_wconf 84' lang='grc' dir='ltr'><strong>τῇ</strong></span> <span class='ocrx_word' id='word_1_419' title='bbox 3801 3041 4008 3110; x_wconf 72' lang='grc' dir='ltr'>συνόδῳ</span> 
     </span>
    </p>
   </div>
   <div class='ocr_carea' id='block_1_62' title="bbox 723 3124 2304 3213">
    <p class='ocr_par' dir='ltr' id='par_1_62' title="bbox 723 3124 2304 3197">
     <span class='ocr_line' id='line_1_62' title="bbox 723 3124 2304 3197; baseline -0.001 -16"><span class='ocrx_word' id='word_1_420' title='bbox 723 3130 955 3197; x_wconf 84' lang='lat' dir='ltr'><strong>synodo,</strong></span> <span class='ocrx_word' id='word_1_421' title='bbox 990 3129 1255 3197; x_wconf 88' lang='lat' dir='ltr'><strong>deceptis,</strong></span> <span class='ocrx_word' id='word_1_422' title='bbox 1307 3128 1453 3181; x_wconf 82' lang='lat' dir='ltr'><strong>venit</strong></span> <span class='ocrx_word' id='word_1_423' title='bbox 1510 3126 1821 3194; x_wconf 78' lang='lat' dir='ltr'><strong>Stephanus</strong></span> <span class='ocrx_word' id='word_1_424' title='bbox 1864 3124 2304 3181; x_wconf 85' lang='lat' dir='ltr'><strong>Cartantanensis</strong></span> 
     </span>
    </p>
   </div>
   <div class='ocr_carea' id='block_1_63' title="bbox 2413 3124 4001 3213">
    <p class='ocr_par' dir='ltr' id='par_1_63' title="bbox 2414 3126 4001 3213">
     <span class='ocr_line' id='line_1_63' title="bbox 2414 3126 4001 3213; baseline 0.006 -37"><span class='ocrx_word' id='word_1_425' title='bbox 2414 3127 2844 3213; x_wconf 66' lang='grc' dir='ltr'>ἀπαντησάντων</span> <span class='ocrx_word' id='word_1_426' title='bbox 2880 3126 2943 3198; x_wconf 81' lang='grc' dir='ltr'><strong>[ί.</strong></span> <span class='ocrx_word' id='word_1_427' title='bbox 2974 3128 3413 3200; x_wconf 84' lang='grc' dir='ltr'>ἁπατήσαντος],</span> <span class='ocrx_word' id='word_1_428' title='bbox 3454 3131 3575 3198; x_wconf 84' lang='grc' dir='ltr'>μεθ’</span> <span class='ocrx_word' id='word_1_429' title='bbox 3600 3132 3814 3200; x_wconf 77' lang='grc' dir='ltr'>ἡμέρας</span> <span class='ocrx_word' id='word_1_430' title='bbox 3850 3134 4001 3195; x_wconf 76' lang='grc' dir='ltr'>τινάς</span> 
     </span>
    </p>
   </div>
   <div class='ocr_carea' id='block_1_64' title="bbox 721 3219 2301 3289">
    <p class='ocr_par' dir='ltr' id='par_1_64' title="bbox 721 3219 2301 3289">
     <span class='ocr_line' id='line_1_64' title="bbox 721 3219 2301 3289; baseline -0.002 -15"><span class='ocrx_word' id='word_1_431' title='bbox 721 3222 1011 3289; x_wconf 84' lang='lat' dir='ltr'><strong>episcopus</strong></span> <span class='ocrx_word' id='word_1_432' title='bbox 1070 3223 1135 3273; x_wconf 88' lang='lat' dir='ltr'><strong>ad</strong></span> <span class='ocrx_word' id='word_1_433' title='bbox 1169 3219 1395 3273; x_wconf 86' lang='lat' dir='ltr'><strong>Esdram</strong></span> <span class='ocrx_word' id='word_1_434' title='bbox 1474 3219 1823 3273; x_wconf 80' lang='lat' dir='ltr'><strong>catholicum.</strong></span> <span class='ocrx_word' id='word_1_435' title='bbox 1855 3220 2095 3272; x_wconf 85' lang='lat' dir='ltr'><strong>Audiens</strong></span> <span class='ocrx_word' id='word_1_436' title='bbox 2120 3230 2301 3273; x_wconf 86' lang='lat' dir='ltr'><strong>autem</strong></span> 
     </span>
    </p>
   </div>
   <div class='ocr_carea' id='block_1_65' title="bbox 722 3312 2300 3382">
    <p class='ocr_par' dir='ltr' id='par_1_65' title="bbox 722 3312 2300 3382">
     <span class='ocr_line' id='line_1_65' title="bbox 722 3312 2300 3382; baseline 0.002 -19"><span class='ocrx_word' id='word_1_437' title='bbox 722 3312 981 3382; x_wconf 66' lang='lat' dir='ltr'><strong>praefatus</strong></span> <span class='ocrx_word' id='word_1_438' title='bbox 1009 3312 1269 3377; x_wconf 81' lang='lat' dir='ltr'><strong>Joannes,</strong></span> <span class='ocrx_word' id='word_1_439' title='bbox 1338 3313 1483 3381; x_wconf 87' lang='lat' dir='ltr'><strong>quod</strong></span> <span class='ocrx_word' id='word_1_440' title='bbox 1516 3328 1622 3366; x_wconf 93' lang='lat' dir='ltr'><strong>non</strong></span> <span class='ocrx_word' id='word_1_441' title='bbox 1660 3313 1762 3379; x_wconf 91' lang='lat' dir='ltr'><strong>ipsi</strong></span> <span class='ocrx_word' id='word_1_442' title='bbox 1815 3314 2300 3376; x_wconf 87' lang='lat' dir='ltr'><strong>communicasset,</strong></span> 
     </span>
    </p>
   </div>
   <div class='ocr_carea' id='block_1_66' title="bbox 721 3403 2305 3473">
    <p class='ocr_par' dir='ltr' id='par_1_66' title="bbox 721 3403 2305 3473">
     <span class='ocr_line' id='line_1_66' title="bbox 721 3403 2305 3473; baseline 0.002 -19"><span class='ocrx_word' id='word_1_443' title='bbox 721 3404 1027 3472; x_wconf 84' lang='lat' dir='ltr'><strong>petulantia</strong></span> <span class='ocrx_word' id='word_1_444' title='bbox 1066 3405 1325 3466; x_wconf 78' lang='lat' dir='ltr'><strong>maxima,</strong></span> <span class='ocrx_word' id='word_1_445' title='bbox 1366 3404 1679 3457; x_wconf 82' lang='lat' dir='ltr'><strong>inimicitias</strong></span> <span class='ocrx_word' id='word_1_446' title='bbox 1738 3404 1788 3455; x_wconf 91' lang='lat' dir='ltr'><strong>in</strong></span> <span class='ocrx_word' id='word_1_447' title='bbox 1821 3403 2155 3473; x_wconf 83' lang='lat' dir='ltr'><strong>Stephanum</strong></span> <span class='ocrx_word' id='word_1_448' title='bbox 2182 3422 2305 3473; x_wconf 83' lang='lat' dir='ltr'><strong>ges-</strong></span> 
     </span>
    </p>
   </div>
   <div class='ocr_carea' id='block_1_67' title="bbox 718 3496 2300 3569">
    <p class='ocr_par' dir='ltr' id='par_1_67' title="bbox 718 3496 2300 3569">
     <span class='ocr_line' id='line_1_67' title="bbox 718 3496 2300 3569; baseline 0.003 -20"><span class='ocrx_word' id='word_1_449' title='bbox 718 3500 809 3561; x_wconf 80' lang='lat' dir='ltr'><strong>sit,</strong></span> <span class='ocrx_word' id='word_1_450' title='bbox 857 3498 931 3551; x_wconf 92' lang='lat' dir='ltr'><strong>uti</strong></span> <span class='ocrx_word' id='word_1_451' title='bbox 974 3509 1027 3551; x_wconf 90' lang='lat' dir='ltr'><strong>et</strong></span> <span class='ocrx_word' id='word_1_452' title='bbox 1074 3499 1146 3550; x_wconf 88' lang='lat' dir='ltr'><strong>in</strong></span> <span class='ocrx_word' id='word_1_453' title='bbox 1178 3496 1500 3561; x_wconf 79' lang='lat' dir='ltr'><strong>Mathusala,</strong></span> <span class='ocrx_word' id='word_1_454' title='bbox 1537 3512 1602 3551; x_wconf 91' lang='lat' dir='ltr'><strong>co</strong></span> <span class='ocrx_word' id='word_1_455' title='bbox 1630 3498 1772 3565; x_wconf 87' lang='lat' dir='ltr'><strong>quod</strong></span> <span class='ocrx_word' id='word_1_456' title='bbox 1809 3500 1922 3567; x_wconf 85' lang='lat' dir='ltr'><strong>ipse</strong></span> <span class='ocrx_word' id='word_1_457' title='bbox 1970 3514 2185 3569; x_wconf 86' lang='lat' dir='ltr'><strong>quoque</strong></span> <span class='ocrx_word' id='word_1_458' title='bbox 2235 3504 2300 3553; x_wconf 87' lang='lat' dir='ltr'><strong>ad</strong></span> 
     </span>
    </p>
   </div>
   <div class='ocr_carea' id='block_1_68' title="bbox 715 3587 2296 3660">
    <p class='ocr_par' dir='ltr' id='par_1_68' title="bbox 715 3587 2296 3660">
     <span class='ocr_line' id='line_1_68' title="bbox 715 3587 2296 3660; baseline 0.004 -20"><span class='ocrx_word' id='word_1_459' title='bbox 715 3587 941 3640; x_wconf 81' lang='lat' dir='ltr'><strong>Estlram</strong></span> <span class='ocrx_word' id='word_1_460' title='bbox 975 3589 1319 3644; x_wconf 86' lang='lat' dir='ltr'><strong>accessisset.</strong></span> <span class='ocrx_word' id='word_1_461' title='bbox 1374 3589 1597 3642; x_wconf 80' lang='lat' dir='ltr'><strong>Dicebat</strong></span> <span class='ocrx_word' id='word_1_462' title='bbox 1637 3604 1789 3652; x_wconf 84' lang='lat' dir='ltr'><strong>vero,</strong></span> <span class='ocrx_word' id='word_1_463' title='bbox 1841 3590 2014 3645; x_wconf 87' lang='lat' dir='ltr'><strong>levius</strong></span> <span class='ocrx_word' id='word_1_464' title='bbox 2050 3607 2160 3660; x_wconf 69' lang='lat' dir='ltr'><strong>prae</strong></span> <span class='ocrx_word' id='word_1_465' title='bbox 2189 3592 2296 3646; x_wconf 91' lang='lat' dir='ltr'><strong>illis</strong></span> 
     </span>
    </p>
   </div>
   <div class='ocr_carea' id='block_1_69' title="bbox 714 3678 2298 3751">
    <p class='ocr_par' dir='ltr' id='par_1_69' title="bbox 714 3678 2298 3751">
     <span class='ocr_line' id='line_1_69' title="bbox 714 3678 2298 3751; baseline 0.004 -20"><span class='ocrx_word' id='word_1_466' title='bbox 714 3678 1029 3743; x_wconf 75' lang='lat' dir='ltr'><strong>otl‘endisse,</strong></span> <span class='ocrx_word' id='word_1_467' title='bbox 1084 3697 1149 3732; x_wconf 86' lang='lat' dir='ltr'><strong>ac</strong></span> <span class='ocrx_word' id='word_1_468' title='bbox 1215 3682 1422 3750; x_wconf 89' lang='lat' dir='ltr'><strong>lapsum</strong></span> <span class='ocrx_word' id='word_1_469' title='bbox 1458 3696 1576 3735; x_wconf 89' lang='lat' dir='ltr'><strong>csse</strong></span> <span class='ocrx_word' id='word_1_470' title='bbox 1626 3682 1895 3735; x_wconf 81' lang='lat' dir='ltr'><strong>Esuram:</strong></span> <span class='ocrx_word' id='word_1_471' title='bbox 1936 3700 1954 3733; x_wconf 75' lang='grc' dir='ltr'><strong>ι</strong></span> <span class='ocrx_word' id='word_1_472' title='bbox 2004 3683 2135 3737; x_wconf 85' lang='lat' dir='ltr'><strong>Nam</strong></span> <span class='ocrx_word' id='word_1_473' title='bbox 2190 3686 2298 3751; x_wconf 89' lang='lat' dir='ltr'><strong>ille,</strong></span> 
     </span>
    </p>
   </div>
   <div class='ocr_carea' id='block_1_70' title="bbox 715 3769 2295 3837">
    <p class='ocr_par' dir='ltr' id='par_1_70' title="bbox 715 3769 2295 3837">
     <span class='ocr_line' id='line_1_70' title="bbox 715 3769 2295 3837; baseline 0.004 -14"><span class='ocrx_word' id='word_1_474' title='bbox 715 3769 910 3837; x_wconf 82' lang='lat' dir='ltr'><strong>inquit,</strong></span> <span class='ocrx_word' id='word_1_475' title='bbox 974 3785 1036 3823; x_wconf 78' lang='lat' dir='ltr'><strong>ex</strong></span> <span class='ocrx_word' id='word_1_476' title='bbox 1088 3770 1432 3837; x_wconf 87' lang='lat' dir='ltr'><strong>imperatoris</strong></span> <span class='ocrx_word' id='word_1_477' title='bbox 1483 3780 1624 3826; x_wconf 88' lang='lat' dir='ltr'><strong>metu</strong></span> <span class='ocrx_word' id='word_1_478' title='bbox 1679 3790 1706 3823; x_wconf 89' lang='lat' dir='ltr'><strong>a</strong></span> <span class='ocrx_word' id='word_1_479' title='bbox 1754 3773 1983 3827; x_wconf 82' lang='lat' dir='ltr'><strong>veritate</strong></span> <span class='ocrx_word' id='word_1_480' title='bbox 2034 3774 2295 3829; x_wconf 78' lang='lat' dir='ltr'><strong>deﬂexit:</strong></span> 
     </span>
    </p>
   </div>
   <div class='ocr_carea' id='block_1_71' title="bbox 716 3860 2297 3933">
    <p class='ocr_par' dir='ltr' id='par_1_71' title="bbox 716 3860 2297 3933">
     <span class='ocr_line' id='line_1_71' title="bbox 716 3860 2297 3933; baseline 0.006 -25"><span class='ocrx_word' id='word_1_481' title='bbox 716 3873 813 3913; x_wconf 84' lang='lat' dir='ltr'><strong>vos</strong></span> <span class='ocrx_word' id='word_1_482' title='bbox 842 3869 1023 3911; x_wconf 83' lang='lat' dir='ltr'><strong>autem</strong></span> <span class='ocrx_word' id='word_1_483' title='bbox 1073 3862 1140 3913; x_wconf 85' lang='lat' dir='ltr'><strong>ab</strong></span> <span class='ocrx_word' id='word_1_484' title='bbox 1175 3860 1322 3913; x_wconf 86' lang='lat' dir='ltr'><strong>inani</strong></span> <span class='ocrx_word' id='word_1_485' title='bbox 1376 3862 1547 3928; x_wconf 74' lang='lat' dir='ltr'><strong>gloria</strong></span> <span class='ocrx_word' id='word_1_486' title='bbox 1584 3877 1648 3914; x_wconf 87' lang='lat' dir='ltr'><strong>ac</strong></span> <span class='ocrx_word' id='word_1_487' title='bbox 1687 3864 2003 3918; x_wconf 87' lang='lat' dir='ltr'><strong>muneribus</strong></span> <span class='ocrx_word' id='word_1_488' title='bbox 2060 3866 2297 3933; x_wconf 87' lang='lat' dir='ltr'><strong>prolapsi</strong></span> 
     </span>
    </p>
   </div>
   <div class='ocr_carea' id='block_1_72' title="bbox 710 3951 2296 4008">
    <p class='ocr_par' dir='ltr' id='par_1_72' title="bbox 710 3951 2296 4008">
     <span class='ocr_line' id='line_1_72' title="bbox 710 3951 2296 4008; baseline 0.003 -5"><span class='ocrx_word' id='word_1_489' title='bbox 710 3952 845 4003; x_wconf 87' lang='lat' dir='ltr'><strong>estis</strong></span> <span class='ocrx_word' id='word_1_490' title='bbox 894 3964 1020 4003; x_wconf 84' lang='lat' dir='ltr'><strong>casu</strong></span> <span class='ocrx_word' id='word_1_491' title='bbox 1078 3951 1389 4006; x_wconf 87' lang='lat' dir='ltr'><strong>insanabili.</strong></span> <span class='ocrx_word' id='word_1_492' title='bbox 1434 3970 1453 4003; x_wconf 74' lang='grc' dir='ltr'><strong>ι</strong></span> <span class='ocrx_word' id='word_1_493' title='bbox 1510 3953 1589 4007; x_wconf 82' lang='lat' dir='ltr'><strong>Ad</strong></span> <span class='ocrx_word' id='word_1_494' title='bbox 1634 3954 1749 4007; x_wconf 75' lang='lat' dir='ltr'><strong>hmc</strong></span> <span class='ocrx_word' id='word_1_495' title='bbox 1793 3953 1994 4008; x_wconf 88' lang='lat' dir='ltr'><strong>Esdras</strong></span> <span class='ocrx_word' id='word_1_496' title='bbox 2066 3957 2119 4008; x_wconf 92' lang='lat' dir='ltr'><strong>in</strong></span> <span class='ocrx_word' id='word_1_497' title='bbox 2182 3957 2296 4008; x_wconf 66' lang='lat' dir='ltr'><strong>haec</strong></span> 
     </span>
    </p>
   </div>
   <div class='ocr_carea' id='block_1_73' title="bbox 712 4042 2293 4113">
    <p class='ocr_par' dir='ltr' id='par_1_73' title="bbox 712 4042 2293 4113">
     <span class='ocr_line' id='line_1_73' title="bbox 712 4042 2293 4113; baseline 0.003 -16"><span class='ocrx_word' id='word_1_498' title='bbox 712 4045 875 4097; x_wconf 85' lang='lat' dir='ltr'><strong>verba</strong></span> <span class='ocrx_word' id='word_1_499' title='bbox 906 4042 1169 4098; x_wconf 81' lang='lat' dir='ltr'><strong>Joannem</strong></span> <span class='ocrx_word' id='word_1_500' title='bbox 1224 4046 1570 4098; x_wconf 87' lang='lat' dir='ltr'><strong>obtestatur:</strong></span> <span class='ocrx_word' id='word_1_501' title='bbox 1606 4064 1624 4095; x_wconf 75' lang='grc' dir='ltr'><strong>ι</strong></span> <span class='ocrx_word' id='word_1_502' title='bbox 1664 4047 1848 4101; x_wconf 84' lang='lat' dir='ltr'><strong>Tertio</strong></span> <span class='ocrx_word' id='word_1_503' title='bbox 1913 4048 2119 4113; x_wconf 79' lang='lat' dir='ltr'><strong>vocavi,</strong></span> <span class='ocrx_word' id='word_1_504' title='bbox 2173 4065 2293 4101; x_wconf 90' lang='lat' dir='ltr'><strong>cum</strong></span> 
     </span>
    </p>
   </div>
   <div class='ocr_carea' id='block_1_74' title="bbox 712 4133 2282 4204">
    <p class='ocr_par' dir='ltr' id='par_1_74' title="bbox 712 4133 2282 4204">
     <span class='ocr_line' id='line_1_74' title="bbox 712 4133 2282 4204; baseline 0.003 -16"><span class='ocrx_word' id='word_1_505' title='bbox 712 4133 1039 4198; x_wconf 68' lang='lat' dir='ltr'><strong>Blatltusala,</strong></span> <span class='ocrx_word' id='word_1_506' title='bbox 1101 4145 1211 4187; x_wconf 93' lang='lat' dir='ltr'><strong>tum</strong></span> <span class='ocrx_word' id='word_1_507' title='bbox 1260 4133 1621 4204; x_wconf 87' lang='lat' dir='ltr'><strong>Stephanum,</strong></span> <span class='ocrx_word' id='word_1_508' title='bbox 1680 4137 1911 4192; x_wconf 89' lang='lat' dir='ltr'><strong>dicens:</strong></span> <span class='ocrx_word' id='word_1_509' title='bbox 1956 4136 2063 4193; x_wconf 80' lang='lat' dir='ltr'><strong>Vos</strong></span> <span class='ocrx_word' id='word_1_510' title='bbox 2097 4140 2282 4193; x_wconf 92' lang='lat' dir='ltr'><strong>mundi</strong></span> 
     </span>
    </p>
   </div>
   <div class='ocr_carea' id='block_1_75' title="bbox 709 4226 2295 4293">
    <p class='ocr_par' dir='ltr' id='par_1_75' title="bbox 709 4226 2295 4293">
     <span class='ocr_line' id='line_1_75' title="bbox 709 4226 2295 4293; baseline 0.006 -14"><span class='ocrx_word' id='word_1_511' title='bbox 709 4226 961 4282; x_wconf 87' lang='lat' dir='ltr'><strong>doctores</strong></span> <span class='ocrx_word' id='word_1_512' title='bbox 1003 4227 1137 4282; x_wconf 89' lang='lat' dir='ltr'><strong>estis</strong></span> <span class='ocrx_word' id='word_1_513' title='bbox 1162 4240 1225 4281; x_wconf 81' lang='lat' dir='ltr'><strong>ac</strong></span> <span class='ocrx_word' id='word_1_514' title='bbox 1256 4229 1449 4280; x_wconf 60' lang='lat' dir='ltr'><strong>senilis:</strong></span> <span class='ocrx_word' id='word_1_515' title='bbox 1482 4244 1495 4293; x_wconf 92' lang='lat'><strong>;</strong></span> <span class='ocrx_word' id='word_1_516' title='bbox 1534 4228 1715 4282; x_wconf 86' lang='lat' dir='ltr'><strong>venite</strong></span> <span class='ocrx_word' id='word_1_517' title='bbox 1756 4238 1813 4283; x_wconf 88' lang='lat' dir='ltr'><strong>ut</strong></span> <span class='ocrx_word' id='word_1_518' title='bbox 1847 4230 2111 4286; x_wconf 81' lang='lat' dir='ltr'><strong>faciamus</strong></span> <span class='ocrx_word' id='word_1_519' title='bbox 2159 4234 2295 4288; x_wconf 84' lang='lat' dir='ltr'><strong>satis</strong></span> 
     </span>
    </p>
   </div>
   <div class='ocr_carea' id='block_1_76' title="bbox 712 4319 2292 4391">
    <p class='ocr_par' dir='ltr' id='par_1_76' title="bbox 712 4319 2292 4391">
     <span class='ocr_line' id='line_1_76' title="bbox 712 4319 2292 4391; baseline 0.003 -20"><span class='ocrx_word' id='word_1_520' title='bbox 712 4320 1059 4388; x_wconf 86' lang='lat' dir='ltr'><strong>imperatori;</strong></span> <span class='ocrx_word' id='word_1_521' title='bbox 1115 4337 1257 4375; x_wconf 89' lang='lat' dir='ltr'><strong>nunc</strong></span> <span class='ocrx_word' id='word_1_522' title='bbox 1321 4331 1502 4372; x_wconf 84' lang='lat' dir='ltr'><strong>autem</strong></span> <span class='ocrx_word' id='word_1_523' title='bbox 1562 4319 1978 4388; x_wconf 87' lang='lat' dir='ltr'><strong>reprehenditis,</strong></span> <span class='ocrx_word' id='word_1_524' title='bbox 2039 4333 2292 4391; x_wconf 84' lang='lat' dir='ltr'><strong>tanquam</strong></span> 
     </span>
    </p>
   </div>
   <div class='ocr_carea' id='block_1_77' title="bbox 713 4410 2289 4482">
    <p class='ocr_par' dir='ltr' id='par_1_77' title="bbox 713 4410 2289 4482">
     <span class='ocr_line' id='line_1_77' title="bbox 713 4410 2289 4482; baseline 0.003 -20"><span class='ocrx_word' id='word_1_525' title='bbox 713 4412 775 4465; x_wconf 90' lang='lat' dir='ltr'><strong>iis</strong></span> <span class='ocrx_word' id='word_1_526' title='bbox 821 4414 1289 4468; x_wconf 85' lang='lat' dir='ltr'><strong>consenserimus.</strong></span> <span class='ocrx_word' id='word_1_527' title='bbox 1357 4410 1468 4466; x_wconf 86' lang='lat' dir='ltr'><strong>Nos</strong></span> <span class='ocrx_word' id='word_1_528' title='bbox 1531 4426 1652 4482; x_wconf 75' lang='lat' dir='ltr'><strong>quae</strong></span> <span class='ocrx_word' id='word_1_529' title='bbox 1702 4411 2010 4466; x_wconf 76' lang='lat' dir='ltr'><strong>audivimus</strong></span> <span class='ocrx_word' id='word_1_530' title='bbox 2052 4414 2120 4467; x_wconf 85' lang='lat' dir='ltr'><strong>ab</strong></span> <span class='ocrx_word' id='word_1_531' title='bbox 2186 4414 2289 4479; x_wconf 89' lang='lat' dir='ltr'><strong>eis,</strong></span> 
     </span>
    </p>
   </div>
   <div class='ocr_carea' id='block_1_78' title="bbox 2412 3202 4005 3293">
    <p class='ocr_par' dir='ltr' id='par_1_78' title="bbox 2412 3202 4005 3293">
     <span class='ocr_line' id='line_1_78' title="bbox 2412 3202 4005 3293; baseline 0.006 -26"><span class='ocrx_word' id='word_1_532' title='bbox 2412 3214 2575 3286; x_wconf 78' lang='grc' dir='ltr'>ἧλθεν</span> <span class='ocrx_word' id='word_1_533' title='bbox 2592 3220 2618 3270; x_wconf 91' lang='lat'><strong>6</strong></span> <span class='ocrx_word' id='word_1_534' title='bbox 2636 3202 2901 3286; x_wconf 61' lang='grc' dir='ltr'>Στέφάνος</span> <span class='ocrx_word' id='word_1_535' title='bbox 2918 3220 2944 3271; x_wconf 89' lang='lat'><strong>6</strong></span> <span class='ocrx_word' id='word_1_536' title='bbox 2966 3221 3270 3290; x_wconf 77' lang='grc' dir='ltr'>Καρταμᾶν</span> <span class='ocrx_word' id='word_1_537' title='bbox 3290 3222 3588 3284; x_wconf 77' lang='grc' dir='ltr'>ἐπίσκοπος</span> <span class='ocrx_word' id='word_1_538' title='bbox 3606 3225 3739 3292; x_wconf 71' lang='grc' dir='ltr'>πρὸς</span> <span class='ocrx_word' id='word_1_539' title='bbox 3764 3226 3829 3275; x_wconf 88' lang='grc' dir='ltr'>Ἐ</span> <span class='ocrx_word' id='word_1_540' title='bbox 3840 3227 4005 3293; x_wconf 78' lang='grc' dir='ltr'>σδραν</span> 
     </span>
    </p>
   </div>
   <div class='ocr_carea' id='block_1_79' title="bbox 2411 3309 4003 3385">
    <p class='ocr_par' dir='ltr' id='par_1_79' title="bbox 2411 3309 4003 3385">
     <span class='ocr_line' id='line_1_79' title="bbox 2411 3309 4003 3385; baseline 0.004 -23"><span class='ocrx_word' id='word_1_541' title='bbox 2411 3312 2502 3362; x_wconf 76' lang='grc' dir='ltr'><strong>τὸν</strong></span> <span class='ocrx_word' id='word_1_542' title='bbox 2544 3309 2855 3363; x_wconf 63' lang='grc' dir='ltr'>καθολικόν.</span> <span class='ocrx_word' id='word_1_543' title='bbox 2916 3312 3182 3375; x_wconf 79' lang='grc' dir='ltr'>Ἀκούσας</span> <span class='ocrx_word' id='word_1_544' title='bbox 3221 3314 3279 3364; x_wconf 87' lang='grc' dir='ltr'><strong>δέ</strong></span> <span class='ocrx_word' id='word_1_545' title='bbox 3317 3316 3345 3366; x_wconf 91' lang='lat'><strong>6</strong></span> <span class='ocrx_word' id='word_1_546' title='bbox 3386 3315 3679 3383; x_wconf 79' lang='grc' dir='ltr'><strong>εἰρημένος</strong></span> <span class='ocrx_word' id='word_1_547' title='bbox 3724 3316 4003 3385; x_wconf 73' lang='grc' dir='ltr'>Ἰωάννης,</span> 
     </span>
    </p>
   </div>
   <div class='ocr_carea' id='block_1_80' title="bbox 2411 3400 4001 3473">
    <p class='ocr_par' dir='ltr' id='par_1_80' title="bbox 2411 3400 4001 3473">
     <span class='ocr_line' id='line_1_80' title="bbox 2411 3400 4001 3473; baseline 0.003 -22"><span class='ocrx_word' id='word_1_548' title='bbox 2411 3401 2492 3451; x_wconf 82' lang='grc' dir='ltr'>ὅτι</span> <span class='ocrx_word' id='word_1_549' title='bbox 2514 3401 2623 3452; x_wconf 79' lang='grc' dir='ltr'>οὐκ</span> <span class='ocrx_word' id='word_1_550' title='bbox 2654 3400 3016 3469; x_wconf 81' lang='grc' dir='ltr'>ἐκοινώνησεν</span> <span class='ocrx_word' id='word_1_551' title='bbox 3044 3402 3216 3470; x_wconf 76' lang='grc' dir='ltr'>αὐτῷ,</span> <span class='ocrx_word' id='word_1_552' title='bbox 3248 3401 3389 3470; x_wconf 80' lang='grc' dir='ltr'>μετὰ</span> <span class='ocrx_word' id='word_1_553' title='bbox 3422 3403 3689 3472; x_wconf 84' lang='grc' dir='ltr'>μεγίστης</span> <span class='ocrx_word' id='word_1_554' title='bbox 3721 3406 4001 3473; x_wconf 78' lang='grc' dir='ltr'>θρασυτηο</span> 
     </span>
    </p>
   </div>
   <div class='ocr_carea' id='block_1_81' title="bbox 2410 3486 4003 3561">
    <p class='ocr_par' dir='ltr' id='par_1_81' title="bbox 2410 3486 4003 3561">
     <span class='ocr_line' id='line_1_81' title="bbox 2410 3486 4003 3561; baseline -0.001 -17"><span class='ocrx_word' id='word_1_555' title='bbox 2410 3510 2535 3555; x_wconf 87' lang='grc' dir='ltr'>τος,</span> <span class='ocrx_word' id='word_1_556' title='bbox 2569 3492 2767 3560; x_wconf 75' lang='grc' dir='ltr'>ἔχθραν</span> <span class='ocrx_word' id='word_1_557' title='bbox 2796 3490 2874 3560; x_wconf 79' lang='grc' dir='ltr'>τῷ</span> <span class='ocrx_word' id='word_1_558' title='bbox 2909 3492 3165 3561; x_wconf 80' lang='grc' dir='ltr'>Στεφάνῳ</span> <span class='ocrx_word' id='word_1_559' title='bbox 3203 3490 3622 3559; x_wconf 82' lang='grc' dir='ltr'>κατηργάσατο,</span> <span class='ocrx_word' id='word_1_560' title='bbox 3656 3486 3768 3542; x_wconf 77' lang='grc' dir='ltr'>οἷον</span> <span class='ocrx_word' id='word_1_561' title='bbox 3802 3494 3897 3543; x_wconf 74' lang='grc' dir='ltr'>καὶ</span> <span class='ocrx_word' id='word_1_562' title='bbox 3928 3492 4003 3561; x_wconf 76' lang='grc' dir='ltr'>τῷ</span> 
     </span>
    </p>
   </div>
   <div class='ocr_carea' id='block_1_82' title="bbox 2411 3582 3999 3654">
    <p class='ocr_par' dir='ltr' id='par_1_82' title="bbox 2411 3582 3999 3654">
     <span class='ocr_line' id='line_1_82' title="bbox 2411 3582 3999 3654; baseline -0.001 -17"><span class='ocrx_word' id='word_1_563' title='bbox 2411 3585 2783 3654; x_wconf 75' lang='grc' dir='ltr'>Μαθουσάλᾳ,</span> <span class='ocrx_word' id='word_1_564' title='bbox 2831 3585 2914 3636; x_wconf 79' lang='grc' dir='ltr'><strong>ὅτι</strong></span> <span class='ocrx_word' id='word_1_565' title='bbox 2965 3585 3059 3636; x_wconf 68' lang='grc' dir='ltr'>καὶ</span> <span class='ocrx_word' id='word_1_566' title='bbox 3112 3582 3276 3646; x_wconf 83' lang='grc' dir='ltr'>αὐτὸς</span> <span class='ocrx_word' id='word_1_567' title='bbox 3327 3584 3603 3653; x_wconf 76' lang='grc' dir='ltr'>προσῆλθε</span> <span class='ocrx_word' id='word_1_568' title='bbox 3653 3584 3732 3649; x_wconf 79' lang='grc' dir='ltr'><strong>τῷ</strong></span> <span class='ocrx_word' id='word_1_569' title='bbox 3767 3583 3999 3652; x_wconf 64' lang='grc' dir='ltr'>Ἔσδρα.</span> 
     </span>
    </p>
   </div>
   <div class='ocr_carea' id='block_1_83' title="bbox 2414 3676 4001 3747">
    <p class='ocr_par' dir='ltr' id='par_1_83' title="bbox 2414 3676 4001 3747">
     <span class='ocr_line' id='line_1_83' title="bbox 2414 3676 4001 3747; baseline -0.001 -18"><span class='ocrx_word' id='word_1_570' title='bbox 2414 3677 2604 3743; x_wconf 72' lang='grc' dir='ltr'>Ἔλεγε</span> <span class='ocrx_word' id='word_1_571' title='bbox 2635 3677 2691 3728; x_wconf 84' lang='grc' dir='ltr'>δὲ</span> <span class='ocrx_word' id='word_1_572' title='bbox 2718 3679 2746 3729; x_wconf 85' lang='grc' dir='ltr'>ὀ</span> <span class='ocrx_word' id='word_1_573' title='bbox 2768 3676 3059 3747; x_wconf 77' lang='grc' dir='ltr'>εἰρημένος</span> <span class='ocrx_word' id='word_1_574' title='bbox 3092 3677 3369 3744; x_wconf 79' lang='grc' dir='ltr'>Ἰωάννης,</span> <span class='ocrx_word' id='word_1_575' title='bbox 3396 3676 3477 3727; x_wconf 82' lang='grc' dir='ltr'>ὅτι</span> <span class='ocrx_word' id='word_1_576' title='bbox 3510 3676 3856 3744; x_wconf 71' lang='grc' dir='ltr'>Κουφότερὸν</span> <span class='ocrx_word' id='word_1_577' title='bbox 3884 3684 4001 3728; x_wconf 60' lang='grc' dir='ltr'>ᾀστι</span> 
     </span>
    </p>
   </div>
   <div class='ocr_carea' id='block_1_84' title="bbox 2407 3767 4003 3837">
    <p class='ocr_par' dir='ltr' id='par_1_84' title="bbox 2407 3767 4003 3837">
     <span class='ocr_line' id='line_1_84' title="bbox 2407 3767 4003 3837; baseline -0.003 -16"><span class='ocrx_word' id='word_1_578' title='bbox 2407 3770 2466 3821; x_wconf 80' lang='grc' dir='ltr'>τὸ</span> <span class='ocrx_word' id='word_1_579' title='bbox 2495 3772 2743 3837; x_wconf 79' lang='grc' dir='ltr'>πταῖσμα</span> <span class='ocrx_word' id='word_1_580' title='bbox 2773 3768 2863 3819; x_wconf 70' lang='grc' dir='ltr'><strong>τοῦ</strong></span> <span class='ocrx_word' id='word_1_581' title='bbox 2894 3768 3101 3837; x_wconf 84' lang='grc' dir='ltr'>Ἔσδρα</span> <span class='ocrx_word' id='word_1_582' title='bbox 3129 3767 3307 3822; x_wconf 77' lang='grc' dir='ltr'>καὶτὸ</span> <span class='ocrx_word' id='word_1_583' title='bbox 3338 3768 3580 3836; x_wconf 76' lang='grc' dir='ltr'>σφάλμα,</span> <span class='ocrx_word' id='word_1_584' title='bbox 3608 3768 3746 3837; x_wconf 62' lang='grc' dir='ltr'>πρὸς</span> <span class='ocrx_word' id='word_1_585' title='bbox 3769 3768 3836 3818; x_wconf 81' lang='grc' dir='ltr'><strong>τά</strong></span> <span class='ocrx_word' id='word_1_586' title='bbox 3866 3770 4003 3836; x_wconf 43' lang='lat' dir='ltr'><strong>futi-</strong></span> 
     </span>
    </p>
   </div>
   <div class='ocr_carea' id='block_1_85' title="bbox 2407 3860 3997 3931">
    <p class='ocr_par' dir='ltr' id='par_1_85' title="bbox 2407 3860 3997 3931">
     <span class='ocr_line' id='line_1_85' title="bbox 2407 3860 3997 3931; baseline -0.001 -18"><span class='ocrx_word' id='word_1_587' title='bbox 2407 3878 2536 3930; x_wconf 81' lang='grc' dir='ltr'>τερα</span> <span class='ocrx_word' id='word_1_588' title='bbox 2578 3861 2927 3930; x_wconf 82' lang='grc' dir='ltr'>πταίσματα·</span> <span class='ocrx_word' id='word_1_589' title='bbox 2970 3880 2987 3911; x_wconf 85' lang='lat' dir='ltr'><strong>t</strong></span> <span class='ocrx_word' id='word_1_590' title='bbox 3025 3862 3197 3923; x_wconf 74' lang='grc' dir='ltr'><strong>Αὐτὸς</strong></span> <span class='ocrx_word' id='word_1_591' title='bbox 3232 3860 3340 3931; x_wconf 71' lang='grc' dir='ltr'>γὰρ</span> <span class='ocrx_word' id='word_1_592' title='bbox 3377 3860 3466 3914; x_wconf 73' lang='grc' dir='ltr'><strong>διὰ</strong></span> <span class='ocrx_word' id='word_1_593' title='bbox 3506 3862 3669 3928; x_wconf 70' lang='grc' dir='ltr'>φόϐον</span> <span class='ocrx_word' id='word_1_594' title='bbox 3707 3860 3800 3911; x_wconf 78' lang='grc' dir='ltr'><strong>τοῦ</strong></span> <span class='ocrx_word' id='word_1_595' title='bbox 3840 3860 3997 3929; x_wconf 77' lang='grc' dir='ltr'>βασι-</span> 
     </span>
    </p>
   </div>
   <div class='ocr_carea' id='block_1_86' title="bbox 2406 3952 3995 4023">
    <p class='ocr_par' dir='ltr' id='par_1_86' title="bbox 2406 3952 3995 4023">
     <span class='ocr_line' id='line_1_86' title="bbox 2406 3952 3995 4023; baseline -0.001 -19"><span class='ocrx_word' id='word_1_596' title='bbox 2406 3954 2543 4016; x_wconf 84' lang='grc' dir='ltr'>λέως</span> <span class='ocrx_word' id='word_1_597' title='bbox 2574 3954 2848 4017; x_wconf 73' lang='grc' dir='ltr'>ἐξέκλινεν</span> <span class='ocrx_word' id='word_1_598' title='bbox 2879 3953 2978 4022; x_wconf 84' lang='grc' dir='ltr'>τῆς</span> <span class='ocrx_word' id='word_1_599' title='bbox 3013 3953 3272 4022; x_wconf 83' lang='grc' dir='ltr'>ἀληθείας</span> <span class='ocrx_word' id='word_1_600' title='bbox 3297 3971 3309 3984; x_wconf 88' lang='grc'><strong>·</strong></span> <span class='ocrx_word' id='word_1_601' title='bbox 3345 3954 3503 4023; x_wconf 84' lang='grc' dir='ltr'>ὑμεῖς</span> <span class='ocrx_word' id='word_1_602' title='bbox 3536 3954 3625 4017; x_wconf 77' lang='grc' dir='ltr'>δὲ,</span> <span class='ocrx_word' id='word_1_603' title='bbox 3659 3952 3745 4005; x_wconf 74' lang='grc' dir='ltr'>διὰ</span> <span class='ocrx_word' id='word_1_604' title='bbox 3780 3952 3995 4003; x_wconf 81' lang='grc' dir='ltr'>κενοδο-</span> 
     </span>
    </p>
   </div>
   <div class='ocr_carea' id='block_1_87' title="bbox 2405 4045 3995 4115">
    <p class='ocr_par' dir='ltr' id='par_1_87' title="bbox 2405 4045 3995 4115">
     <span class='ocr_line' id='line_1_87' title="bbox 2405 4045 3995 4115; baseline -0.001 -18"><span class='ocrx_word' id='word_1_605' title='bbox 2405 4046 2525 4111; x_wconf 83' lang='grc' dir='ltr'>ξίαν</span> <span class='ocrx_word' id='word_1_606' title='bbox 2557 4046 2649 4098; x_wconf 73' lang='grc' dir='ltr'>καὶ</span> <span class='ocrx_word' id='word_1_607' title='bbox 2676 4046 2844 4115; x_wconf 85' lang='grc' dir='ltr'>δῶρα,</span> <span class='ocrx_word' id='word_1_608' title='bbox 2877 4045 3169 4108; x_wconf 72' lang='grc' dir='ltr'>ἐξεπέσατε</span> <span class='ocrx_word' id='word_1_609' title='bbox 3202 4045 3418 4099; x_wconf 80' lang='grc' dir='ltr'>ἀνίατον</span> <span class='ocrx_word' id='word_1_610' title='bbox 3444 4046 3674 4097; x_wconf 80' lang='grc' dir='ltr'>πτῶσιν.</span> <span class='ocrx_word' id='word_1_611' title='bbox 3712 4064 3730 4094; x_wconf 72' lang='grc' dir='ltr'><strong>ι</strong></span> <span class='ocrx_word' id='word_1_612' title='bbox 3760 4045 3995 4096; x_wconf 72' lang='grc' dir='ltr'>Ἔπειτα</span> 
     </span>
    </p>
   </div>
   <div class='ocr_carea' id='block_1_88' title="bbox 2405 4134 3992 4205">
    <p class='ocr_par' dir='ltr' id='par_1_88' title="bbox 2405 4134 3992 4205">
     <span class='ocr_line' id='line_1_88' title="bbox 2405 4134 3992 4205; baseline -0.003 -18"><span class='ocrx_word' id='word_1_613' title='bbox 2405 4134 2749 4205; x_wconf 87' lang='grc' dir='ltr'>παρεκάλεσε</span> <span class='ocrx_word' id='word_1_614' title='bbox 2798 4136 2887 4186; x_wconf 75' lang='grc' dir='ltr'><strong>τὸν</strong></span> <span class='ocrx_word' id='word_1_615' title='bbox 2935 4134 3097 4186; x_wconf 76' lang='grc' dir='ltr'>αὑτὸν</span> <span class='ocrx_word' id='word_1_616' title='bbox 3130 4134 3388 4204; x_wconf 82' lang='grc' dir='ltr'>Ἰωάννην</span> <span class='ocrx_word' id='word_1_617' title='bbox 3433 4134 3739 4205; x_wconf 31' lang='grc' dir='ltr'>ὀἘσδραςι</span> <span class='ocrx_word' id='word_1_618' title='bbox 3793 4134 3992 4200; x_wconf 75' lang='grc' dir='ltr'>λέγων,</span> 
     </span>
    </p>
   </div>
   <div class='ocr_carea' id='block_1_89' title="bbox 2402 4223 3994 4293">
    <p class='ocr_par' dir='ltr' id='par_1_89' title="bbox 2402 4223 3994 4293">
     <span class='ocr_line' id='line_1_89' title="bbox 2402 4223 3994 4293; baseline -0.003 -16"><span class='ocrx_word' id='word_1_619' title='bbox 2402 4227 2484 4278; x_wconf 86' lang='grc' dir='ltr'>ὅτι</span> <span class='ocrx_word' id='word_1_620' title='bbox 2525 4243 2543 4275; x_wconf 82' lang='lat' dir='ltr'><strong>t</strong></span> <span class='ocrx_word' id='word_1_621' title='bbox 2581 4223 2777 4293; x_wconf 85' lang='grc' dir='ltr'>Τρίτον</span> <span class='ocrx_word' id='word_1_622' title='bbox 2808 4223 3086 4289; x_wconf 86' lang='grc' dir='ltr'>ἐκάλεσα“,</span> <span class='ocrx_word' id='word_1_623' title='bbox 3120 4224 3215 4275; x_wconf 81' lang='grc' dir='ltr'>καὶ</span> <span class='ocrx_word' id='word_1_624' title='bbox 3247 4223 3336 4276; x_wconf 75' lang='grc' dir='ltr'><strong>τὸν</strong></span> <span class='ocrx_word' id='word_1_625' title='bbox 3367 4224 3698 4277; x_wconf 82' lang='grc' dir='ltr'>Μαθουσάλα</span> <span class='ocrx_word' id='word_1_626' title='bbox 3725 4262 3739 4286; x_wconf 96' lang='grc'><strong>,</strong></span> <span class='ocrx_word' id='word_1_627' title='bbox 3775 4226 3875 4276; x_wconf 82' lang='grc' dir='ltr'>καὶ</span> <span class='ocrx_word' id='word_1_628' title='bbox 3902 4225 3994 4275; x_wconf 77' lang='grc' dir='ltr'>τὸν</span> 
     </span>
    </p>
   </div>
   <div class='ocr_carea' id='block_1_90' title="bbox 2405 4313 3993 4385">
    <p class='ocr_par' dir='ltr' id='par_1_90' title="bbox 2405 4313 3993 4385">
     <span class='ocr_line' id='line_1_90' title="bbox 2405 4313 3993 4385; baseline -0.003 -16"><span class='ocrx_word' id='word_1_629' title='bbox 2405 4318 2696 4385; x_wconf 82' lang='grc' dir='ltr'>Στέφανον,</span> <span class='ocrx_word' id='word_1_630' title='bbox 2742 4316 2946 4368; x_wconf 76' lang='grc' dir='ltr'>εἰπών·</span> <span class='ocrx_word' id='word_1_631' title='bbox 2988 4315 3071 4368; x_wconf 78' lang='grc' dir='ltr'><strong>ὅτι</strong></span> <span class='ocrx_word' id='word_1_632' title='bbox 3113 4313 3220 4366; x_wconf 77' lang='grc' dir='ltr'><strong>Τοῦ</strong></span> <span class='ocrx_word' id='word_1_633' title='bbox 3274 4315 3484 4384; x_wconf 84' lang='grc' dir='ltr'>κόσμου</span> <span class='ocrx_word' id='word_1_634' title='bbox 3534 4314 3853 4367; x_wconf 79' lang='grc' dir='ltr'>διδάσκαλοι</span> <span class='ocrx_word' id='word_1_635' title='bbox 3898 4315 3993 4365; x_wconf 75' lang='grc' dir='ltr'><strong>καὶ</strong></span> 
     </span>
    </p>
   </div>
   <div class='ocr_carea' id='block_1_91' title="bbox 2402 4406 3991 4479">
    <p class='ocr_par' dir='ltr' id='par_1_91' title="bbox 2402 4406 3991 4479">
     <span class='ocr_line' id='line_1_91' title="bbox 2402 4406 3991 4479; baseline -0.003 -17"><span class='ocrx_word' id='word_1_636' title='bbox 2402 4410 2750 4479; x_wconf 75' lang='grc' dir='ltr'>γραμματεῖς</span> <span class='ocrx_word' id='word_1_637' title='bbox 2793 4409 2949 4475; x_wconf 77' lang='grc' dir='ltr'>ὑμεῖς</span> <span class='ocrx_word' id='word_1_638' title='bbox 2992 4411 3149 4459; x_wconf 76' lang='grc' dir='ltr'>ἐστεο</span> <span class='ocrx_word' id='word_1_639' title='bbox 3190 4406 3371 4458; x_wconf 74' lang='grc' dir='ltr'>ἔλθετε</span> <span class='ocrx_word' id='word_1_640' title='bbox 3420 4408 3505 4458; x_wconf 84' lang='grc' dir='ltr'>ἵνα</span> <span class='ocrx_word' id='word_1_641' title='bbox 3551 4406 3991 4474; x_wconf 80' lang='grc' dir='ltr'>ἁπολογηθώμεν</span> 
     </span>
    </p>
   </div>
   <div class='ocr_carea' id='block_1_92' title="bbox 711 4494 2304 4575">
    <p class='ocr_par' dir='ltr' id='par_1_92' title="bbox 711 4502 2285 4572">
     <span class='ocr_line' id='line_1_92' title="bbox 711 4502 2285 4572; baseline 0.003 -18"><span class='ocrx_word' id='word_1_642' title='bbox 711 4518 835 4555; x_wconf 75' lang='lat' dir='ltr'><strong>vera</strong></span> <span class='ocrx_word' id='word_1_643' title='bbox 889 4505 1217 4572; x_wconf 88' lang='lat' dir='ltr'><strong>putavimus,</strong></span> <span class='ocrx_word' id='word_1_644' title='bbox 1266 4518 1330 4557; x_wconf 88' lang='lat' dir='ltr'><strong>ac</strong></span> <span class='ocrx_word' id='word_1_645' title='bbox 1381 4504 1516 4558; x_wconf 90' lang='lat' dir='ltr'><strong>duas</strong></span> <span class='ocrx_word' id='word_1_646' title='bbox 1548 4506 1600 4557; x_wconf 92' lang='lat' dir='ltr'><strong>in</strong></span> <span class='ocrx_word' id='word_1_647' title='bbox 1653 4503 1880 4557; x_wconf 89' lang='lat' dir='ltr'><strong>Domino</strong></span> <span class='ocrx_word' id='word_1_648' title='bbox 1904 4502 2035 4558; x_wconf 87' lang='lat' dir='ltr'><strong>Jesu</strong></span> <span class='ocrx_word' id='word_1_649' title='bbox 2064 4505 2285 4561; x_wconf 85' lang='lat' dir='ltr'><strong>Christo</strong></span> 
     </span>
    </p>
   </div>
   <div class='ocr_carea' id='block_1_93' title="bbox 2413 4494 3993 4575">
    <p class='ocr_par' dir='ltr' id='par_1_93' title="bbox 2413 4494 3993 4567">
     <span class='ocr_line' id='line_1_93' title="bbox 2413 4494 3993 4567; baseline -0.004 -18"><span class='ocrx_word' id='word_1_650' title='bbox 2413 4498 2476 4567; x_wconf 77' lang='grc' dir='ltr'><strong>τῷ</strong></span> <span class='ocrx_word' id='word_1_651' title='bbox 2508 4496 2750 4566; x_wconf 79' lang='grc' dir='ltr'>βασιλεῖ’</span> <span class='ocrx_word' id='word_1_652' title='bbox 2782 4497 2877 4548; x_wconf 74' lang='grc' dir='ltr'>καὶ</span> <span class='ocrx_word' id='word_1_653' title='bbox 2904 4495 2997 4547; x_wconf 78' lang='grc' dir='ltr'>νῦν</span> <span class='ocrx_word' id='word_1_654' title='bbox 3027 4494 3307 4565; x_wconf 69' lang='grc' dir='ltr'>μέμφεσθε</span> <span class='ocrx_word' id='word_1_655' title='bbox 3340 4494 3517 4563; x_wconf 72' lang='grc' dir='ltr'>ἡμῶν,</span> <span class='ocrx_word' id='word_1_656' title='bbox 3545 4494 3616 4554; x_wconf 83' lang='grc' dir='ltr'>ὼς</span> <span class='ocrx_word' id='word_1_657' title='bbox 3648 4511 3993 4562; x_wconf 55' lang='grc' dir='ltr'>συνομοσρο-</span> 
     </span>
    </p>
   </div>
   <div class='ocr_carea' id='block_1_94' title="bbox 710 4596 2286 4664">
    <p class='ocr_par' dir='ltr' id='par_1_94' title="bbox 710 4596 2286 4664">
     <span class='ocr_line' id='line_1_94' title="bbox 710 4596 2286 4664; baseline 0.003 -17"><span class='ocrx_word' id='word_1_658' title='bbox 710 4606 929 4649; x_wconf 80' lang='lat' dir='ltr'><strong>naturas</strong></span> <span class='ocrx_word' id='word_1_659' title='bbox 980 4596 1220 4651; x_wconf 69' lang='lat' dir='ltr'><strong>confessi</strong></span> <span class='ocrx_word' id='word_1_660' title='bbox 1274 4611 1503 4661; x_wconf 87' lang='lat' dir='ltr'><strong>sumus;</strong></span> <span class='ocrx_word' id='word_1_661' title='bbox 1571 4596 1827 4649; x_wconf 90' lang='lat' dir='ltr'><strong>nimirum</strong></span> <span class='ocrx_word' id='word_1_662' title='bbox 1884 4597 2176 4664; x_wconf 83' lang='lat' dir='ltr'><strong>perfectam</strong></span> <span class='ocrx_word' id='word_1_663' title='bbox 2235 4599 2286 4651; x_wconf 91' lang='lat' dir='ltr'><strong>in</strong></span> 
     </span>
    </p>
   </div>
   <div class='ocr_carea' id='block_1_95' title="bbox 708 4685 2289 4757">
    <p class='ocr_par' dir='ltr' id='par_1_95' title="bbox 708 4685 2289 4757">
     <span class='ocr_line' id='line_1_95' title="bbox 708 4685 2289 4757; baseline 0.002 -17"><span class='ocrx_word' id='word_1_664' title='bbox 708 4689 929 4747; x_wconf 87' lang='lat' dir='ltr'><strong>deitate,</strong></span> <span class='ocrx_word' id='word_1_665' title='bbox 980 4685 1360 4756; x_wconf 38' lang='lat' dir='ltr'><strong>et‘perfectam</strong></span> <span class='ocrx_word' id='word_1_666' title='bbox 1398 4688 1449 4740; x_wconf 92' lang='lat' dir='ltr'><strong>in</strong></span> <span class='ocrx_word' id='word_1_667' title='bbox 1482 4687 1840 4749; x_wconf 84' lang='lat' dir='ltr'><strong>humanitate,</strong></span> <span class='ocrx_word' id='word_1_668' title='bbox 1885 4688 1937 4740; x_wconf 92' lang='lat' dir='ltr'><strong>in</strong></span> <span class='ocrx_word' id='word_1_669' title='bbox 1975 4704 2079 4741; x_wconf 85' lang='lat' dir='ltr'><strong>una</strong></span> <span class='ocrx_word' id='word_1_670' title='bbox 2120 4689 2289 4757; x_wconf 82' lang='lat' dir='ltr'><strong>ltypo-</strong></span> 
     </span>
    </p>
   </div>
   <div class='ocr_carea' id='block_1_96' title="bbox 707 4777 2285 4844">
    <p class='ocr_par' dir='ltr' id='par_1_96' title="bbox 707 4777 2285 4844">
     <span class='ocr_line' id='line_1_96' title="bbox 707 4777 2285 4844; baseline 0.001 -14"><span class='ocrx_word' id='word_1_671' title='bbox 707 4777 863 4838; x_wconf 84' lang='lat' dir='ltr'><strong>stasi,</strong></span> <span class='ocrx_word' id='word_1_672' title='bbox 896 4790 960 4830; x_wconf 86' lang='lat' dir='ltr'><strong>ac</strong></span> <span class='ocrx_word' id='word_1_673' title='bbox 993 4790 1224 4844; x_wconf 83' lang='lat' dir='ltr'><strong>persona</strong></span> <span class='ocrx_word' id='word_1_674' title='bbox 1291 4792 1417 4841; x_wconf 88' lang='lat' dir='ltr'><strong>una,</strong></span> <span class='ocrx_word' id='word_1_675' title='bbox 1462 4778 1897 4831; x_wconf 87' lang='lat' dir='ltr'><strong>incarnationem</strong></span> <span class='ocrx_word' id='word_1_676' title='bbox 1956 4779 2285 4832; x_wconf 81' lang='lat' dir='ltr'><strong>indivisam:</strong></span> 
     </span>
    </p>
   </div>
   <div class='ocr_carea' id='block_1_97' title="bbox 706 4866 2288 4938">
    <p class='ocr_par' dir='ltr' id='par_1_97' title="bbox 706 4866 2288 4938">
     <span class='ocr_line' id='line_1_97' title="bbox 706 4866 2288 4938; baseline 0.004 -20"><span class='ocrx_word' id='word_1_677' title='bbox 706 4884 950 4937; x_wconf 71' lang='lat' dir='ltr'><strong>quasque</strong></span> <span class='ocrx_word' id='word_1_678' title='bbox 980 4867 1207 4937; x_wconf 78' lang='lat' dir='ltr'><strong>legimus</strong></span> <span class='ocrx_word' id='word_1_679' title='bbox 1251 4866 1582 4938; x_wconf 86' lang='lat' dir='ltr'><strong>Seripturas.</strong></span> <span class='ocrx_word' id='word_1_680' title='bbox 1602 4883 1722 4922; x_wconf 92' lang='lat' dir='ltr'><strong>cum</strong></span> <span class='ocrx_word' id='word_1_681' title='bbox 1744 4878 1956 4926; x_wconf 84' lang='lat' dir='ltr'><strong>nostras</strong></span> <span class='ocrx_word' id='word_1_682' title='bbox 1976 4911 1992 4935; x_wconf 92' lang='lat'><strong>,</strong></span> <span class='ocrx_word' id='word_1_683' title='bbox 2027 4880 2135 4924; x_wconf 90' lang='lat' dir='ltr'><strong>tum</strong></span> <span class='ocrx_word' id='word_1_684' title='bbox 2166 4871 2288 4925; x_wconf 89' lang='lat' dir='ltr'><strong>illo-</strong></span> 
     </span>
    </p>
   </div>
   <div class='ocr_carea' id='block_1_98' title="bbox 707 4960 2287 5029">
    <p class='ocr_par' dir='ltr' id='par_1_98' title="bbox 707 4960 2287 5029">
     <span class='ocr_line' id='line_1_98' title="bbox 707 4960 2287 5029; baseline 0.001 -16"><span class='ocrx_word' id='word_1_685' title='bbox 707 4974 850 5021; x_wconf 85' lang='lat' dir='ltr'><strong>rum,</strong></span> <span class='ocrx_word' id='word_1_686' title='bbox 894 4960 946 5013; x_wconf 89' lang='lat' dir='ltr'><strong>id</strong></span> <span class='ocrx_word' id='word_1_687' title='bbox 975 4960 1148 5029; x_wconf 86' lang='lat' dir='ltr'><strong>ipsum</strong></span> <span class='ocrx_word' id='word_1_688' title='bbox 1172 4960 1603 5014; x_wconf 79' lang='lat' dir='ltr'><strong>conﬁrmarunt:</strong></span> <span class='ocrx_word' id='word_1_689' title='bbox 1635 4974 1842 5028; x_wconf 90' lang='lat' dir='ltr'><strong>nosque</strong></span> <span class='ocrx_word' id='word_1_690' title='bbox 1866 4976 2050 5014; x_wconf 87' lang='lat' dir='ltr'><strong>eorum</strong></span> <span class='ocrx_word' id='word_1_691' title='bbox 2078 4977 2287 5015; x_wconf 88' lang='lat' dir='ltr'><strong>sermo-</strong></span> 
     </span>
    </p>
   </div>
   <div class='ocr_carea' id='block_1_99' title="bbox 706 5053 2288 5123">
    <p class='ocr_par' dir='ltr' id='par_1_99' title="bbox 706 5053 2288 5123">
     <span class='ocr_line' id='line_1_99' title="bbox 706 5053 2288 5123; baseline 0.001 -16"><span class='ocrx_word' id='word_1_692' title='bbox 706 5053 868 5107; x_wconf 87' lang='lat' dir='ltr'><strong>nibus</strong></span> <span class='ocrx_word' id='word_1_693' title='bbox 906 5054 1195 5107; x_wconf 85' lang='lat' dir='ltr'><strong>habuimus</strong></span> <span class='ocrx_word' id='word_1_694' title='bbox 1224 5053 1402 5119; x_wconf 89' lang='lat' dir='ltr'><strong>lidem,</strong></span> <span class='ocrx_word' id='word_1_695' title='bbox 1436 5053 1589 5123; x_wconf 79' lang='lat' dir='ltr'><strong>juxta</strong></span> <span class='ocrx_word' id='word_1_696' title='bbox 1615 5055 1757 5123; x_wconf 90' lang='lat' dir='ltr'><strong>quod</strong></span> <span class='ocrx_word' id='word_1_697' title='bbox 1801 5053 2096 5122; x_wconf 60' lang='lat' dir='ltr'><strong>Scriptura:</strong></span> <span class='ocrx_word' id='word_1_698' title='bbox 2120 5068 2288 5108; x_wconf 74' lang='lat' dir='ltr'><strong>sacra:</strong></span> 
     </span>
    </p>
   </div>
   <div class='ocr_carea' id='block_1_100' title="bbox 708 5145 2282 5217">
    <p class='ocr_par' dir='ltr' id='par_1_100' title="bbox 708 5145 2282 5217">
     <span class='ocr_line' id='line_1_100' title="bbox 708 5145 2282 5217; baseline 0.003 -19"><span class='ocrx_word' id='word_1_699' title='bbox 708 5145 971 5200; x_wconf 74' lang='lat' dir='ltr'><strong>ferebant.</strong></span> <span class='ocrx_word' id='word_1_700' title='bbox 1036 5145 1329 5200; x_wconf 82' lang='lat' dir='ltr'><strong>Enimvero</strong></span> <span class='ocrx_word' id='word_1_701' title='bbox 1392 5148 1619 5201; x_wconf 90' lang='lat' dir='ltr'><strong>necdum</strong></span> <span class='ocrx_word' id='word_1_702' title='bbox 1685 5148 1812 5202; x_wconf 87' lang='lat' dir='ltr'><strong>anni</strong></span> <span class='ocrx_word' id='word_1_703' title='bbox 1870 5149 2282 5217; x_wconf 75' lang='lat' dir='ltr'><strong>praeterierunt:</strong></span> 
     </span>
    </p>
   </div>
   <div class='ocr_carea' id='block_1_101' title="bbox 709 5239 2283 5309">
    <p class='ocr_par' dir='ltr' id='par_1_101' title="bbox 709 5239 2283 5309">
     <span class='ocr_line' id='line_1_101' title="bbox 709 5239 2283 5309; baseline 0.003 -18"><span class='ocrx_word' id='word_1_704' title='bbox 709 5255 903 5293; x_wconf 89' lang='lat' dir='ltr'><strong>omnes</strong></span> <span class='ocrx_word' id='word_1_705' title='bbox 932 5253 1248 5296; x_wconf 89' lang='lat' dir='ltr'><strong>sanctorum</strong></span> <span class='ocrx_word' id='word_1_706' title='bbox 1275 5239 1497 5295; x_wconf 89' lang='lat' dir='ltr'><strong>Patrnnt</strong></span> <span class='ocrx_word' id='word_1_707' title='bbox 1522 5241 1806 5309; x_wconf 69' lang='lat' dir='ltr'><strong>scripturae</strong></span> <span class='ocrx_word' id='word_1_708' title='bbox 1826 5241 1965 5309; x_wconf 80' lang='lat' dir='ltr'><strong>apud</strong></span> <span class='ocrx_word' id='word_1_709' title='bbox 1996 5256 2095 5295; x_wconf 89' lang='lat' dir='ltr'><strong>nos</strong></span> <span class='ocrx_word' id='word_1_710' title='bbox 2123 5251 2283 5307; x_wconf 85' lang='lat' dir='ltr'><strong>sunt;</strong></span> 
     </span>
    </p>
   </div>
   <div class='ocr_carea' id='block_1_102' title="bbox 704 5332 2286 5403">
    <p class='ocr_par' dir='ltr' id='par_1_102' title="bbox 704 5332 2286 5403">
     <span class='ocr_line' id='line_1_102' title="bbox 704 5332 2286 5403; baseline 0.003 -19"><span class='ocrx_word' id='word_1_711' title='bbox 704 5343 1037 5396; x_wconf 87' lang='lat' dir='ltr'><strong>scrutantes,</strong></span> <span class='ocrx_word' id='word_1_712' title='bbox 1072 5335 1353 5388; x_wconf 85' lang='lat' dir='ltr'><strong>veritatem</strong></span> <span class='ocrx_word' id='word_1_713' title='bbox 1394 5334 1707 5403; x_wconf 79' lang='lat' dir='ltr'><strong>perdiscite.</strong></span> <span class='ocrx_word' id='word_1_714' title='bbox 1742 5352 1761 5385; x_wconf 67' lang='grc' dir='ltr'><strong>ι</strong></span> <span class='ocrx_word' id='word_1_715' title='bbox 1796 5332 1898 5388; x_wconf 90' lang='lat' dir='ltr'><strong>Ubi</strong></span> <span class='ocrx_word' id='word_1_716' title='bbox 1942 5346 2123 5389; x_wconf 85' lang='lat' dir='ltr'><strong>autem</strong></span> <span class='ocrx_word' id='word_1_717' title='bbox 2149 5336 2286 5389; x_wconf 88' lang='lat' dir='ltr'><strong>scri-</strong></span> 
     </span>
    </p>
   </div>
   <div class='ocr_carea' id='block_1_103' title="bbox 705 5424 2283 5493">
    <p class='ocr_par' dir='ltr' id='par_1_103' title="bbox 705 5424 2283 5493">
     <span class='ocr_line' id='line_1_103' title="bbox 705 5424 2283 5493; baseline 0.004 -17"><span class='ocrx_word' id='word_1_718' title='bbox 705 5433 853 5493; x_wconf 89' lang='lat' dir='ltr'><strong>ptum</strong></span> <span class='ocrx_word' id='word_1_719' title='bbox 905 5426 1274 5481; x_wconf 90' lang='lat' dir='ltr'><strong>testimonium</strong></span> <span class='ocrx_word' id='word_1_720' title='bbox 1299 5427 1656 5492; x_wconf 88' lang='lat' dir='ltr'><strong>ostendisset,</strong></span> <span class='ocrx_word' id='word_1_721' title='bbox 1682 5427 1758 5479; x_wconf 87' lang='lat' dir='ltr'><strong>ait</strong></span> <span class='ocrx_word' id='word_1_722' title='bbox 1787 5424 2025 5482; x_wconf 84' lang='lat' dir='ltr'><strong>Joannes</strong></span> <span class='ocrx_word' id='word_1_723' title='bbox 2051 5448 2064 5483; x_wconf 91' lang='lat'><strong>:</strong></span> <span class='ocrx_word' id='word_1_724' title='bbox 2105 5447 2123 5479; x_wconf 77' lang='grc' dir='ltr'><strong>ι</strong></span> <span class='ocrx_word' id='word_1_725' title='bbox 2154 5429 2283 5485; x_wconf 88' lang='lat' dir='ltr'><strong>Om-</strong></span> 
     </span>
    </p>
   </div>
   <div class='ocr_carea' id='block_1_104' title="bbox 705 5516 2285 5592">
    <p class='ocr_par' dir='ltr' id='par_1_104' title="bbox 705 5516 2285 5592">
     <span class='ocr_line' id='line_1_104' title="bbox 705 5516 2285 5592; baseline 0.003 -23"><span class='ocrx_word' id='word_1_726' title='bbox 705 5516 791 5570; x_wconf 88' lang='lat' dir='ltr'><strong>nia</strong></span> <span class='ocrx_word' id='word_1_727' title='bbox 812 5516 1589 5577; x_wconf 66' lang='lat' dir='ltr'><strong>ltaacaddideruntNestoriani</strong></span> <span class='ocrx_word' id='word_1_728' title='bbox 1620 5524 1837 5592; x_wconf 90' lang='lat' dir='ltr'><strong>scriptis</strong></span> <span class='ocrx_word' id='word_1_729' title='bbox 1852 5532 2162 5577; x_wconf 86' lang='lat' dir='ltr'><strong>sanctorum</strong></span> <span class='ocrx_word' id='word_1_730' title='bbox 2190 5520 2285 5574; x_wconf 85' lang='lat' dir='ltr'><strong>Pa-</strong></span> 
     </span>
    </p>
   </div>
   <div class='ocr_carea' id='block_1_105' title="bbox 704 5611 2293 5675">
    <p class='ocr_par' dir='ltr' id='par_1_105' title="bbox 704 5611 2293 5675">
     <span class='ocr_line' id='line_1_105' title="bbox 704 5611 2293 5675; baseline 0.009 -17"><span class='ocrx_word' id='word_1_731' title='bbox 704 5618 845 5659; x_wconf 89' lang='lat' dir='ltr'><strong>trum</strong></span> <span class='ocrx_word' id='word_1_732' title='bbox 875 5623 889 5673; x_wconf 89' lang='lat'><strong>;</strong></span> <span class='ocrx_word' id='word_1_733' title='bbox 922 5623 1025 5675; x_wconf 88' lang='lat' dir='ltr'><strong>qua</strong></span> <span class='ocrx_word' id='word_1_734' title='bbox 1054 5611 1184 5664; x_wconf 92' lang='lat' dir='ltr'><strong>olim</strong></span> <span class='ocrx_word' id='word_1_735' title='bbox 1214 5612 1420 5667; x_wconf 82' lang='lat' dir='ltr'><strong>ratione</strong></span> <span class='ocrx_word' id='word_1_736' title='bbox 1458 5614 1787 5669; x_wconf 84' lang='lat' dir='ltr'><strong>Saturninus</strong></span> <span class='ocrx_word' id='word_1_737' title='bbox 1819 5617 2053 5670; x_wconf 71' lang='lat' dir='ltr'><strong>haereses</strong></span> <span class='ocrx_word' id='word_1_738' title='bbox 2085 5611 2293 5673; x_wconf 76' lang='lat' dir='ltr'><strong>multas</strong></span> 
     </span>
    </p>
   </div>
   <div class='ocr_carea' id='block_1_106' title="bbox 703 5697 2277 5776">
    <p class='ocr_par' dir='ltr' id='par_1_106' title="bbox 703 5697 2277 5776">
     <span class='ocr_line' id='line_1_106' title="bbox 703 5697 2277 5776; baseline 0.008 -27"><span class='ocrx_word' id='word_1_739' title='bbox 703 5697 933 5753; x_wconf 88' lang='lat' dir='ltr'><strong>addebat</strong></span> <span class='ocrx_word' id='word_1_740' title='bbox 987 5702 1283 5773; x_wconf 90' lang='lat' dir='ltr'><strong>Seripturis</strong></span> <span class='ocrx_word' id='word_1_741' title='bbox 1338 5706 1534 5771; x_wconf 85' lang='lat' dir='ltr'><strong>sacris,</strong></span> <span class='ocrx_word' id='word_1_742' title='bbox 1591 5717 1716 5776; x_wconf 87' lang='lat' dir='ltr'><strong>puta</strong></span> <span class='ocrx_word' id='word_1_743' title='bbox 1759 5706 1922 5761; x_wconf 85' lang='lat' dir='ltr'><strong>verba</strong></span> <span class='ocrx_word' id='word_1_744' title='bbox 1948 5708 2063 5771; x_wconf 87' lang='lat' dir='ltr'><strong>illa,</strong></span> <span class='ocrx_word' id='word_1_745' title='bbox 2097 5706 2277 5761; x_wconf 79' lang='lat' dir='ltr'><strong>Evan-</strong></span> 
     </span>
    </p>
   </div>
   <div class='ocr_carea' id='block_1_107' title="bbox 700 5790 2277 5870">
    <p class='ocr_par' dir='ltr' id='par_1_107' title="bbox 700 5790 2277 5870">
     <span class='ocr_line' id='line_1_107' title="bbox 700 5790 2277 5870; baseline 0.007 -27"><span class='ocrx_word' id='word_1_746' title='bbox 700 5790 839 5864; x_wconf 74' lang='lat' dir='ltr'><strong>gelia</strong></span> <span class='ocrx_word' id='word_1_747' title='bbox 879 5791 1033 5848; x_wconf 75' lang='lat' dir='ltr'><strong>Luca:</strong></span> <span class='ocrx_word' id='word_1_748' title='bbox 1064 5812 1077 5847; x_wconf 91' lang='lat'><strong>:</strong></span> <span class='ocrx_word' id='word_1_749' title='bbox 1128 5795 1290 5866; x_wconf 66' lang='lat' dir='ltr'><strong>Ca’pit</strong></span> <span class='ocrx_word' id='word_1_750' title='bbox 1324 5796 1483 5852; x_wconf 79' lang='lat' dir='ltr'><strong>Jesm</strong></span> <span class='ocrx_word' id='word_1_751' title='bbox 1539 5816 1721 5868; x_wconf 80' lang='lat' dir='ltr'><strong>pavere</strong></span> <span class='ocrx_word' id='word_1_752' title='bbox 1756 5810 1804 5853; x_wconf 78' lang='lat' dir='ltr'><strong>et</strong></span> <span class='ocrx_word' id='word_1_753' title='bbox 1861 5802 2071 5854; x_wconf 70' lang='lat' dir='ltr'><strong>ta’dere.</strong></span> <span class='ocrx_word' id='word_1_754' title='bbox 2102 5803 2277 5870; x_wconf 49' lang='lat' dir='ltr'><strong>Appa-</strong></span> 
     </span>
    </p>
   </div>
   <div class='ocr_carea' id='block_1_108' title="bbox 2400 4585 3990 4659">
    <p class='ocr_par' dir='ltr' id='par_1_108' title="bbox 2400 4585 3990 4659">
     <span class='ocr_line' id='line_1_108' title="bbox 2400 4585 3990 4659; baseline -0.004 -17"><span class='ocrx_word' id='word_1_755' title='bbox 2400 4590 2683 4659; x_wconf 88' lang='grc' dir='ltr'>νησάντων</span> <span class='ocrx_word' id='word_1_756' title='bbox 2713 4589 2919 4649; x_wconf 83' lang='grc' dir='ltr'>αὐτοῖς.</span> <span class='ocrx_word' id='word_1_757' title='bbox 2955 4588 3148 4656; x_wconf 78' lang='grc' dir='ltr'>Ἡμεῖς</span> <span class='ocrx_word' id='word_1_758' title='bbox 3181 4588 3217 4640; x_wconf 77' lang='grc' dir='ltr'>ἃ</span> <span class='ocrx_word' id='word_1_759' title='bbox 3247 4587 3564 4654; x_wconf 75' lang='grc' dir='ltr'>ἠκούσαμεν</span> <span class='ocrx_word' id='word_1_760' title='bbox 3622 4585 3753 4654; x_wconf 78' lang='grc' dir='ltr'>παρ’</span> <span class='ocrx_word' id='word_1_761' title='bbox 3779 4586 3952 4638; x_wconf 73' lang='grc' dir='ltr'>αὐτοῦ</span> <span class='ocrx_word' id='word_1_762' title='bbox 3972 4623 3990 4648; x_wconf 93' lang='grc'><strong>,</strong></span> 
     </span>
    </p>
   </div>
   <div class='ocr_carea' id='block_1_109' title="bbox 2400 4674 3990 4749">
    <p class='ocr_par' dir='ltr' id='par_1_109' title="bbox 2400 4674 3990 4749">
     <span class='ocr_line' id='line_1_109' title="bbox 2400 4674 3990 4749; baseline -0.002 -17"><span class='ocrx_word' id='word_1_763' title='bbox 2400 4680 2577 4749; x_wconf 81' lang='grc' dir='ltr'>άληθῆ</span> <span class='ocrx_word' id='word_1_764' title='bbox 2606 4674 2743 4731; x_wconf 75' lang='grc' dir='ltr'>εἶναι</span> <span class='ocrx_word' id='word_1_765' title='bbox 2775 4680 3108 4748; x_wconf 77' lang='grc' dir='ltr'>ἐνομίσαμεν</span> <span class='ocrx_word' id='word_1_766' title='bbox 3130 4696 3142 4710; x_wconf 86' lang='grc'><strong>·</strong></span> <span class='ocrx_word' id='word_1_767' title='bbox 3174 4678 3267 4731; x_wconf 75' lang='grc' dir='ltr'>καὶ</span> <span class='ocrx_word' id='word_1_768' title='bbox 3294 4678 3735 4746; x_wconf 82' lang='grc' dir='ltr'>ὡμολογήσαμεν</span> <span class='ocrx_word' id='word_1_769' title='bbox 3764 4678 3860 4730; x_wconf 71' lang='grc' dir='ltr'>δύο</span> <span class='ocrx_word' id='word_1_770' title='bbox 3890 4680 3990 4745; x_wconf 73' lang='grc' dir='ltr'><strong>φύ-</strong></span> 
     </span>
    </p>
   </div>
   <div class='ocr_carea' id='block_1_110' title="bbox 2401 4770 3989 4843">
    <p class='ocr_par' dir='ltr' id='par_1_110' title="bbox 2401 4770 3989 4843">
     <span class='ocr_line' id='line_1_110' title="bbox 2401 4770 3989 4843; baseline -0.003 -17"><span class='ocrx_word' id='word_1_771' title='bbox 2401 4790 2512 4836; x_wconf 87' lang='grc' dir='ltr'>σεις</span> <span class='ocrx_word' id='word_1_772' title='bbox 2552 4771 2647 4825; x_wconf 80' lang='grc' dir='ltr'><strong>τοῦ</strong></span> <span class='ocrx_word' id='word_1_773' title='bbox 2692 4773 2897 4843; x_wconf 78' lang='grc' dir='ltr'>Κυρίου</span> <span class='ocrx_word' id='word_1_774' title='bbox 2944 4772 3101 4841; x_wconf 76' lang='grc' dir='ltr'>ημῶν</span> <span class='ocrx_word' id='word_1_775' title='bbox 3141 4770 3316 4841; x_wconf 82' lang='grc' dir='ltr'><strong>Ἰησοῦ</strong></span> <span class='ocrx_word' id='word_1_776' title='bbox 3358 4770 3635 4841; x_wconf 75' lang='grc' dir='ltr'>Χριστοῦ·</span> <span class='ocrx_word' id='word_1_777' title='bbox 3678 4770 3889 4823; x_wconf 81' lang='grc' dir='ltr'>τέλειον</span> <span class='ocrx_word' id='word_1_778' title='bbox 3932 4774 3989 4822; x_wconf 86' lang='grc' dir='ltr'><strong>ἐν</strong></span> 
     </span>
    </p>
   </div>
   <div class='ocr_carea' id='block_1_111' title="bbox 2399 4864 3990 4937">
    <p class='ocr_par' dir='ltr' id='par_1_111' title="bbox 2399 4864 3990 4937">
     <span class='ocr_line' id='line_1_111' title="bbox 2399 4864 3990 4937; baseline -0.003 -18"><span class='ocrx_word' id='word_1_779' title='bbox 2399 4867 2635 4937; x_wconf 68' lang='grc' dir='ltr'>θεότητι,</span> <span class='ocrx_word' id='word_1_780' title='bbox 2662 4868 2753 4919; x_wconf 73' lang='grc' dir='ltr'>καὶ</span> <span class='ocrx_word' id='word_1_781' title='bbox 2778 4866 2983 4919; x_wconf 87' lang='grc' dir='ltr'>τέλειον</span> <span class='ocrx_word' id='word_1_782' title='bbox 3007 4867 3064 4915; x_wconf 82' lang='grc' dir='ltr'>ἐν</span> <span class='ocrx_word' id='word_1_783' title='bbox 3091 4864 3497 4934; x_wconf 78' lang='grc' dir='ltr'>ἁνθρωπότητι,</span> <span class='ocrx_word' id='word_1_784' title='bbox 3528 4865 3585 4914; x_wconf 82' lang='grc' dir='ltr'><strong>ἐν</strong></span> <span class='ocrx_word' id='word_1_785' title='bbox 3613 4865 3716 4932; x_wconf 81' lang='grc' dir='ltr'>μιᾷ</span> <span class='ocrx_word' id='word_1_786' title='bbox 3748 4865 3990 4916; x_wconf 81' lang='grc' dir='ltr'>ὑποστά-</span> 
     </span>
    </p>
   </div>
   <div class='ocr_carea' id='block_1_112' title="bbox 2400 4958 3989 5030">
    <p class='ocr_par' dir='ltr' id='par_1_112' title="bbox 2400 4958 3989 5030">
     <span class='ocr_line' id='line_1_112' title="bbox 2400 4958 3989 5030; baseline -0.002 -17"><span class='ocrx_word' id='word_1_787' title='bbox 2400 4978 2516 5025; x_wconf 86' lang='grc' dir='ltr'>σει,</span> <span class='ocrx_word' id='word_1_788' title='bbox 2552 4960 2634 5011; x_wconf 74' lang='grc' dir='ltr'>ἐνὶ</span> <span class='ocrx_word' id='word_1_789' title='bbox 2674 4960 2957 5030; x_wconf 86' lang='grc' dir='ltr'>προσώπῳ</span> <span class='ocrx_word' id='word_1_790' title='bbox 2983 4976 2995 4988; x_wconf 93' lang='grc'><strong>·</strong></span> <span class='ocrx_word' id='word_1_791' title='bbox 3035 4958 3342 5028; x_wconf 82' lang='grc' dir='ltr'>ἀδιαίρετον</span> <span class='ocrx_word' id='word_1_792' title='bbox 3378 4958 3695 5026; x_wconf 75' lang='grc' dir='ltr'>οἰκονομίαν</span> <span class='ocrx_word' id='word_1_793' title='bbox 3720 4975 3732 4987; x_wconf 92' lang='grc'><strong>·</strong></span> <span class='ocrx_word' id='word_1_794' title='bbox 3773 4960 3871 5010; x_wconf 82' lang='grc' dir='ltr'>καὶ</span> <span class='ocrx_word' id='word_1_795' title='bbox 3904 4960 3989 5011; x_wconf 77' lang='grc' dir='ltr'>ὅτι</span> 
     </span>
    </p>
   </div>
   <div class='ocr_carea' id='block_1_113' title="bbox 2398 5051 3984 5122">
    <p class='ocr_par' dir='ltr' id='par_1_113' title="bbox 2398 5051 3984 5122">
     <span class='ocr_line' id='line_1_113' title="bbox 2398 5051 3984 5122; baseline -0.001 -18"><span class='ocrx_word' id='word_1_796' title='bbox 2398 5055 2491 5104; x_wconf 75' lang='grc' dir='ltr'>καὶ</span> <span class='ocrx_word' id='word_1_797' title='bbox 2516 5055 2613 5115; x_wconf 76' lang='grc' dir='ltr'><strong>τάς</strong></span> <span class='ocrx_word' id='word_1_798' title='bbox 2641 5052 2878 5122; x_wconf 57' lang='grc' dir='ltr'>γραφάς,</span> <span class='ocrx_word' id='word_1_799' title='bbox 2905 5052 2969 5113; x_wconf 75' lang='grc' dir='ltr'>ἃς</span> <span class='ocrx_word' id='word_1_800' title='bbox 2996 5051 3336 5120; x_wconf 81' lang='grc' dir='ltr'>ἀνέγνωμεν,</span> <span class='ocrx_word' id='word_1_801' title='bbox 3359 5052 3467 5103; x_wconf 81' lang='grc' dir='ltr'>τῶν</span> <span class='ocrx_word' id='word_1_802' title='bbox 3494 5051 3667 5118; x_wconf 80' lang='grc' dir='ltr'>ἁγίων</span> <span class='ocrx_word' id='word_1_803' title='bbox 3692 5051 3984 5119; x_wconf 57' lang='grc' dir='ltr'>Πατὲρων,</span> 
     </span>
    </p>
   </div>
   <div class='ocr_carea' id='block_1_114' title="bbox 2395 5144 3979 5215">
    <p class='ocr_par' dir='ltr' id='par_1_114' title="bbox 2395 5144 3979 5215">
     <span class='ocr_line' id='line_1_114' title="bbox 2395 5144 3979 5215; baseline -0.001 -17"><span class='ocrx_word' id='word_1_804' title='bbox 2395 5147 2452 5198; x_wconf 78' lang='grc' dir='ltr'>αἱ</span> <span class='ocrx_word' id='word_1_805' title='bbox 2480 5147 2768 5215; x_wconf 78' lang='grc' dir='ltr'>ἡμέτεραι,</span> <span class='ocrx_word' id='word_1_806' title='bbox 2800 5148 2892 5198; x_wconf 77' lang='grc' dir='ltr'>καὶ</span> <span class='ocrx_word' id='word_1_807' title='bbox 2921 5145 3029 5198; x_wconf 84' lang='grc' dir='ltr'>τῶν</span> <span class='ocrx_word' id='word_1_808' title='bbox 3058 5146 3259 5209; x_wconf 77' lang='grc' dir='ltr'>αὐτῶν,</span> <span class='ocrx_word' id='word_1_809' title='bbox 3292 5144 3351 5197; x_wconf 78' lang='grc' dir='ltr'>τὸ</span> <span class='ocrx_word' id='word_1_810' title='bbox 3379 5144 3511 5196; x_wconf 81' lang='grc' dir='ltr'>αὐτὸ</span> <span class='ocrx_word' id='word_1_811' title='bbox 3541 5146 3943 5215; x_wconf 63' lang='grc' dir='ltr'>ἐμαρτύρησαν</span> <span class='ocrx_word' id='word_1_812' title='bbox 3965 5161 3979 5174; x_wconf 90' lang='grc'><strong>·</strong></span> 
     </span>
    </p>
   </div>
   <div class='ocr_carea' id='block_1_115' title="bbox 2396 5228 3984 5310">
    <p class='ocr_par' dir='ltr' id='par_1_115' title="bbox 2396 5228 3984 5310">
     <span class='ocr_line' id='line_1_115' title="bbox 2396 5228 3984 5310; baseline -0.003 -16"><span class='ocrx_word' id='word_1_813' title='bbox 2396 5228 2688 5310; x_wconf 31' lang='lat' dir='ltr'><strong>xui-lipsi;</strong></span> <span class='ocrx_word' id='word_1_814' title='bbox 2724 5237 3058 5308; x_wconf 80' lang='grc' dir='ltr'>ἐπείσθημεν</span> <span class='ocrx_word' id='word_1_815' title='bbox 3092 5241 3204 5301; x_wconf 80' lang='grc' dir='ltr'>τοῖς</span> <span class='ocrx_word' id='word_1_816' title='bbox 3240 5238 3419 5305; x_wconf 74' lang='grc' dir='ltr'>λόγοις</span> <span class='ocrx_word' id='word_1_817' title='bbox 3455 5237 3667 5299; x_wconf 72' lang='grc' dir='ltr'>αὐτῶν,</span> <span class='ocrx_word' id='word_1_818' title='bbox 3706 5240 3851 5290; x_wconf 75' lang='grc' dir='ltr'>κατά</span> <span class='ocrx_word' id='word_1_819' title='bbox 3884 5241 3984 5300; x_wconf 68' lang='grc' dir='ltr'><strong>τὰς</strong></span> 
     </span>
    </p>
   </div>
   <div class='ocr_carea' id='block_1_116' title="bbox 2395 5322 3983 5405">
    <p class='ocr_par' dir='ltr' id='par_1_116' title="bbox 2395 5322 3983 5405">
     <span class='ocr_line' id='line_1_116' title="bbox 2395 5322 3983 5405; baseline -0.003 -17"><span class='ocrx_word' id='word_1_820' title='bbox 2395 5322 2618 5405; x_wconf 68' lang='grc' dir='ltr'>Γραξράς</span> <span class='ocrx_word' id='word_1_821' title='bbox 2656 5334 2752 5395; x_wconf 76' lang='grc' dir='ltr'><strong>τὰς</strong></span> <span class='ocrx_word' id='word_1_822' title='bbox 2794 5331 2976 5400; x_wconf 82' lang='grc' dir='ltr'>ἁγίας.</span> <span class='ocrx_word' id='word_1_823' title='bbox 3018 5333 3129 5385; x_wconf 78' lang='grc' dir='ltr'><strong>Καὶ</strong></span> <span class='ocrx_word' id='word_1_824' title='bbox 3173 5332 3267 5383; x_wconf 75' lang='grc' dir='ltr'>νῦν</span> <span class='ocrx_word' id='word_1_825' title='bbox 3302 5332 3363 5383; x_wconf 72' lang='grc' dir='ltr'><strong>οὐ</strong></span> <span class='ocrx_word' id='word_1_826' title='bbox 3401 5330 3615 5399; x_wconf 81' lang='grc' dir='ltr'>διῆλθον</span> <span class='ocrx_word' id='word_1_827' title='bbox 3652 5332 3882 5401; x_wconf 78' lang='grc' dir='ltr'>χρόνοι·</span> <span class='ocrx_word' id='word_1_828' title='bbox 3926 5332 3983 5384; x_wconf 72' lang='grc' dir='ltr'>αἱ</span> 
     </span>
    </p>
   </div>
   <div class='ocr_carea' id='block_1_117' title="bbox 2394 5425 3979 5498">
    <p class='ocr_par' dir='ltr' id='par_1_117' title="bbox 2394 5425 3979 5498">
     <span class='ocr_line' id='line_1_117' title="bbox 2394 5425 3979 5498; baseline -0.004 -17"><span class='ocrx_word' id='word_1_829' title='bbox 2394 5430 2610 5498; x_wconf 71' lang='grc' dir='ltr'>Γραφαὶ</span> <span class='ocrx_word' id='word_1_830' title='bbox 2648 5429 2818 5479; x_wconf 84' lang='grc' dir='ltr'>πᾶσαι</span> <span class='ocrx_word' id='word_1_831' title='bbox 2854 5427 2962 5479; x_wconf 82' lang='grc' dir='ltr'>τῶν</span> <span class='ocrx_word' id='word_1_832' title='bbox 2996 5426 3168 5493; x_wconf 81' lang='grc' dir='ltr'>ἁγίων</span> <span class='ocrx_word' id='word_1_833' title='bbox 3203 5426 3462 5495; x_wconf 86' lang='grc' dir='ltr'>Πατέρων</span> <span class='ocrx_word' id='word_1_834' title='bbox 3501 5425 3631 5496; x_wconf 77' lang='grc' dir='ltr'>παρ’</span> <span class='ocrx_word' id='word_1_835' title='bbox 3657 5428 3791 5495; x_wconf 80' lang='grc' dir='ltr'>ημῖν</span> <span class='ocrx_word' id='word_1_836' title='bbox 3827 5428 3933 5478; x_wconf 81' lang='grc' dir='ltr'>εἱσι</span> <span class='ocrx_word' id='word_1_837' title='bbox 3965 5442 3979 5454; x_wconf 86' lang='grc'>·</span> 
     </span>
    </p>
   </div>
   <div class='ocr_carea' id='block_1_118' title="bbox 2394 5517 3979 5593">
    <p class='ocr_par' dir='ltr' id='par_1_118' title="bbox 2394 5517 3979 5593">
     <span class='ocr_line' id='line_1_118' title="bbox 2394 5517 3979 5593; baseline -0.002 -19"><span class='ocrx_word' id='word_1_838' title='bbox 2394 5524 2785 5593; x_wconf 78' lang='grc' dir='ltr'>ἐρευνήσαντες</span> <span class='ocrx_word' id='word_1_839' title='bbox 2824 5517 3023 5589; x_wconf 85' lang='grc' dir='ltr'>μάθετε</span> <span class='ocrx_word' id='word_1_840' title='bbox 3057 5520 3157 5587; x_wconf 82' lang='grc' dir='ltr'>τὴν</span> <span class='ocrx_word' id='word_1_841' title='bbox 3191 5518 3469 5587; x_wconf 75' lang='grc' dir='ltr'>ἀληθειαν.</span> <span class='ocrx_word' id='word_1_842' title='bbox 3517 5537 3534 5568; x_wconf 75' lang='lat' dir='ltr'><strong>i</strong></span> <span class='ocrx_word' id='word_1_843' title='bbox 3575 5518 3684 5571; x_wconf 80' lang='grc' dir='ltr'><strong>Καὶ</strong></span> <span class='ocrx_word' id='word_1_844' title='bbox 3720 5520 3811 5572; x_wconf 76' lang='grc' dir='ltr'><strong>ὅτε</strong></span> <span class='ocrx_word' id='word_1_845' title='bbox 3846 5518 3979 5571; x_wconf 80' lang='grc' dir='ltr'>ὑπέ-</span> 
     </span>
    </p>
   </div>
   <div class='ocr_carea' id='block_1_119' title="bbox 2391 5608 3977 5685">
    <p class='ocr_par' dir='ltr' id='par_1_119' title="bbox 2391 5608 3977 5685">
     <span class='ocr_line' id='line_1_119' title="bbox 2391 5608 3977 5685; baseline -0.002 -18"><span class='ocrx_word' id='word_1_846' title='bbox 2391 5615 2529 5681; x_wconf 76' lang='grc' dir='ltr'>δειξε</span> <span class='ocrx_word' id='word_1_847' title='bbox 2564 5617 2661 5684; x_wconf 76' lang='grc' dir='ltr'><strong>τὴν</strong></span> <span class='ocrx_word' id='word_1_848' title='bbox 2694 5613 2999 5685; x_wconf 86' lang='grc' dir='ltr'>μαρτυρίαν</span> <span class='ocrx_word' id='word_1_849' title='bbox 3029 5614 3128 5679; x_wconf 72' lang='grc' dir='ltr'><strong>τῆς</strong></span> <span class='ocrx_word' id='word_1_850' title='bbox 3160 5612 3405 5680; x_wconf 77' lang='grc' dir='ltr'>Γραφῆς,</span> <span class='ocrx_word' id='word_1_851' title='bbox 3440 5608 3591 5663; x_wconf 79' lang='grc' dir='ltr'>εἶπεν</span> <span class='ocrx_word' id='word_1_852' title='bbox 3622 5614 3649 5664; x_wconf 87' lang='lat'><strong>6</strong></span> <span class='ocrx_word' id='word_1_853' title='bbox 3683 5613 3977 5681; x_wconf 82' lang='grc' dir='ltr'>Ἰωάννης·</span> 
     </span>
    </p>
   </div>
   <div class='ocr_carea' id='block_1_120' title="bbox 2398 5704 3978 5775">
    <p class='ocr_par' dir='ltr' id='par_1_120' title="bbox 2398 5704 3978 5775">
     <span class='ocr_line' id='line_1_120' title="bbox 2398 5704 3978 5775; baseline -0.003 -15"><span class='ocrx_word' id='word_1_854' title='bbox 2398 5728 2416 5760; x_wconf 73' lang='grc' dir='ltr'><strong>ι</strong></span> <span class='ocrx_word' id='word_1_855' title='bbox 2458 5706 2641 5761; x_wconf 77' lang='grc' dir='ltr'>Ταῦτα</span> <span class='ocrx_word' id='word_1_856' title='bbox 2683 5708 2862 5760; x_wconf 82' lang='grc' dir='ltr'>πάντα</span> <span class='ocrx_word' id='word_1_857' title='bbox 2896 5707 2943 5758; x_wconf 84' lang='grc' dir='ltr'>οί</span> <span class='ocrx_word' id='word_1_858' title='bbox 2979 5705 3332 5775; x_wconf 71' lang='grc' dir='ltr'>Νεστοριανοὶ</span> <span class='ocrx_word' id='word_1_859' title='bbox 3373 5704 3730 5774; x_wconf 84' lang='grc' dir='ltr'>προσέθηκαν</span> <span class='ocrx_word' id='word_1_860' title='bbox 3770 5709 3827 5758; x_wconf 84' lang='grc' dir='ltr'><strong>ἐν</strong></span> <span class='ocrx_word' id='word_1_861' title='bbox 3860 5710 3978 5767; x_wconf 76' lang='grc' dir='ltr'>ταῖς</span> 
     </span>
    </p>
   </div>
   <div class='ocr_carea' id='block_1_121' title="bbox 2390 5798 3976 5872">
    <p class='ocr_par' dir='ltr' id='par_1_121' title="bbox 2390 5798 3976 5872">
     <span class='ocr_line' id='line_1_121' title="bbox 2390 5798 3976 5872; baseline -0.001 -17"><span class='ocrx_word' id='word_1_862' title='bbox 2390 5804 2629 5872; x_wconf 72' lang='grc' dir='ltr'>γραφαῖς</span> <span class='ocrx_word' id='word_1_863' title='bbox 2671 5803 2778 5855; x_wconf 83' lang='grc' dir='ltr'><strong>τῶν</strong></span> <span class='ocrx_word' id='word_1_864' title='bbox 2826 5800 2996 5869; x_wconf 79' lang='grc' dir='ltr'>ἁγίων</span> <span class='ocrx_word' id='word_1_865' title='bbox 3039 5798 3337 5870; x_wconf 70' lang='grc' dir='ltr'>Παιτέρωνο</span> <span class='ocrx_word' id='word_1_866' title='bbox 3386 5798 3568 5863; x_wconf 81' lang='grc' dir='ltr'>καθὼς</span> <span class='ocrx_word' id='word_1_867' title='bbox 3615 5803 3712 5851; x_wconf 77' lang='grc' dir='ltr'>καὶ</span> <span class='ocrx_word' id='word_1_868' title='bbox 3760 5804 3817 5853; x_wconf 78' lang='grc' dir='ltr'>ὲν</span> <span class='ocrx_word' id='word_1_869' title='bbox 3859 5806 3976 5865; x_wconf 76' lang='grc' dir='ltr'>ταῖς</span> 
     </span>
    </p>
   </div>
  </div>
