4194 6444
723 390 860 455 1955

724 508 1032 561 Pharnasec
1069 496 1132 550 de
1173 490 1449 564 provincia
1490 488 1890 556 ASpl‘aCut'um,
1932 497 2059 533 ann.
2101 481 2154 533 4.

727 598 959 651 Sanctus
996 588 1284 649 Norseces,
1336 598 1461 634 ann.
1502 578 1589 631 54.
1635 577 1767 631 Eum
1815 572 2018 627 occidit
2051 572 2300 626 l'ltarme.

725 686 863 739 Tum
886 684 954 735 ita
989 678 1207 736 Joseclt.
1243 688 1368 729 ann.
1402 671 1453 723 '5.

729 776 988 846 Zagenes,
1035 786 1161 824 ann.
1204 768 1254 820 4.

799 845 1226 935 Ᾰεροιιτποεεε,
1256 873 1383 911 ann.
1409 856 1463 908 '7.
1485 853 1619 906 Tres
1651 849 1739 902 isti
1778 845 2071 918 provincia:
2097 845 2306 898 Acharc

632 1000 633 1003 η
729 952 1177 1024 erantepiscopi,
1215 950 1429 1003 nomine
1482 954 1687 997 tantum
1737 938 2005 994 catholici.
2049 935 2162 989 Non
2212 951 2306 986 au-

734 1052 931 1103 debant
954 1041 1191 1112 episcopi
1220 1036 1614 1092 ordinationem
1646 1031 1842 1088 facere.
1864 1029 2003 1095 quod
2026 1026 2096 1079 ob
2123 1039 2307 1078 necem

732 1140 903 1194 sancti
946 1135 1204 1209 _Norsecis
1234 1128 1638 1197 prohibuissent
1689 1119 2080 1186 archiepiscopi
2122 1116 2305 1171 Caesa-

737 1248 883 1294 rem,
952 1227 1323 1298 ordinationes
1393 1220 1766 1289 episcoporum
1836 1213 2058 1283 majoris
2118 1211 2307 1264 Arme-

734 1324 857 1378 lli.l?.

807 1413 999 1467 Postea
1051 1418 1229 1463 autem
1279 1413 1501 1460 sanctus
1554 1397 1701 1454 Isaac
1749 1397 2059 1452 facultatem
2106 1392 2314 1462 acccpit

735 1504 1022 1560 ordinandi
1082 1502 1362 1569 episcopos
1416 1495 1467 1547 in
1528 1491 1806 1552 Armenia,
1863 1488 2141 1561 gessitque
2203 1486 2315 1551 ipse

736 1600 1102 1667 episcopatum
1153 1606 1280 1643 ann.
1328 1586 1417 1641 40.
1468 1584 1596 1638 POst
1642 1597 1810 1636 annos
1858 1592 2037 1633 autem
2087 1578 2310 1644 aliqum,

740 1688 1129 1743 calunnrantes
1175 1678 1421 1736 Armenii
1479 1690 1657 1745 regem
1715 1687 1869 1727 suum
1929 1673 2187 1728 Artaser.
2252 1681 2315 1719 ac

736 1791 981 1834 sanctum
1009 1777 1181 1838 Isaac,
1202 1771 1344 1841 apud
1366 1785 1542 1839 regem
1568 1768 1851 1820 Persarum
1878 1762 2311 1828 Bramsaporem,

734 1873 882 1926 velut
906 1872 959 1925 in
983 1869 1123 1923 idem
1150 1865 1550 1935 conspirantes,
1574 1861 1885 1929 dejccernnt
1915 1872 2037 1909 cum
2063 1868 2091 1907 e
2119 1854 2317 1904 throno

737 1966 876 2036 ejus.

810 2058 939 2113 Post
1002 2067 1130 2108 vero
1186 2050 1455 2117 dejectum
1510 2048 1694 2112 Isaac,
1755 2044 1979 2113 jubente
2031 2039 2318 2093 Persarum

743 2164 909 2219 rege,
970 2160 1035 2200 ac
1089 2161 1189 2199 suo
1254 2144 1493 2211 ipsorum
1548 2137 1814 2199 consilio,
1873 2134 2191 2187 Sormacum
2254 2131 2318 2181 de

741 2246 1013 2305 Artzace,
1069 2236 1473 2291 constituerunt
1527 2228 1910 2291 Catholicum,
1970 2224 2321 2278 criminantes

742 2336 915 2390 Isaac.

815 2429 984 2482 l‘orro
1024 2427 1078 2479 in
1131 2423 1375 2493 ejusdem
1423 2417 1564 2472 versi
1610 2416 1817 2479 odium,
1851 2412 1919 2466 de
1953 2412 2079 2467 sede
2114 2409 2325 2477 dejece—

745 2530 891 2584 runt,
928 2531 1171 2588 petentes
1219 2532 1247 2570 a
1298 2514 1585 2569 Persarmn
1639 2524 1783 2573 rege,
1828 2517 1992 2575 atque
2038 2504 2320 2557 dicentes:

751 2632 769 2665 ι
817 2614 889 2667 Da
916 2611 1072 2666 nobis
1102 2611 1167 2664 de
1202 2608 1427 2676 regione
1457 2615 1568 2669 tua,
1599 2617 1695 2657 nec
1728 2598 1913 2667 praesit
1946 2596 2102 2649 nobis
2134 2598 2322 2648 Arme-

747 2722 846 2760 nus
885 2704 1205 2759 catholicus.
1266 2719 1285 2750 ι
1346 2698 1608 2763 Deditqne
1656 2710 1748 2747 rex
1802 2691 2077 2745 Persicum
2129 2687 2322 2757 Syrutn

746 2796 1041 2851 hominem.
1077 2791 1181 2847 Sed
1212 2800 1264 2845 et
1303 2804 1429 2843 eum
1478 2795 1597 2854 post
1643 2796 1814 2837 annos
1855 2780 2062 2848 aliquot
2098 2778 2324 2831 invisum

748 2889 1039 2949 habentes,
1072 2892 1421 2937 amoverunt.
1456 2879 1613 2945 Isque
1645 2876 1840 2927 iterum
1873 2870 2144 2926 concessit
2176 2867 2329 2920 Mou-

750 2981 964 3035 sonlion
1021 2978 1149 3029 item
1222 2976 1459 3044 Syrum,
1518 2969 1608 3037 qui
1668 2967 1804 3020 duos
1868 2978 2037 3016 annos
2092 2961 2324 3025 sedens,

737 3071 807 3124 “in
844 3068 1014 3122 multa
1048 3064 1336 3119 adﬂictione
1369 3062 1509 3117 diem
1550 3058 1745 3113 clausit
1780 3064 2109 3111 extremum.

828 3237 1076 3292 Cessavit
1119 3250 1249 3300 ergo
1281 3230 1520 3287 Orientis
1548 3229 1821 3283 ordinatio
1871 3224 2190 3294 prohibente
2217 3222 2332 3275 Cre-

755 3343 935 3390 sarea,
964 3334 1182 3392 propter
1215 3320 1367 3375 Isaac
1394 3318 1521 3374 sede
1550 3326 1810 3370 amotum.
1846 3316 1975 3369 Post
2000 3314 2115 3366 haec
2153 3321 2332 3365 autem

756 3423 1020 3472 abeuntes
1046 3415 1201 3467 Azati
1247 3411 1651 3472 Armeniorum,
1688 3407 2046 3460 obsecrabant
2087 3414 2331 3476 sanctujn

758 3510 932 3572 Isaac,
979 3518 1037 3562 ttt
1085 3522 1152 3561 ne
1200 3504 1537 3559 meminisset
1582 3516 1771 3554 eorum
1822 3496 2187 3564 iniquitatum,
2238 3496 2332 3547 sed

762 3610 1127 3655 reverteretur
1174 3599 1241 3650 ad
1289 3597 1545 3649 thronum
1590 3605 1769 3645 suum.
1808 3587 2009 3642 Verum
2044 3587 2132 3639 ille
2164 3586 2331 3639 haud-

758 3706 1032 3763 quaquam
1062 3704 1269 3744 morem
1298 3687 1489 3758 gessit.

836 3783 987 3839 Unde
1034 3780 1250 3834 tandem
1297 3777 1561 3841 narravit,
1600 3788 1761 3844 quam
1814 3772 1882 3827 de
1917 3785 2105 3825 eorum
2160 3772 2334 3830 ruina,

761 3874 901 3927 facta
930 3873 1039 3940 jam
1078 3886 1143 3924 ac
1172 3871 1370 3934 futura,
1403 3869 1663 3921 visionem
1694 3866 1934 3919 vidisset.
1975 3863 2127 3917 Dedit
2160 3874 2335 3913 autem

763 3972 883 4023 loco
902 3971 982 4021 sui
1013 3969 1227 4019 beatum
1258 3962 1603 4023 Mastintzen,
1624 3958 1902 4011 custodem
1932 3956 2101 4025 ipsius
2135 3953 2333 4006 throni.

765 4062 1036 4116 Defuncto
1070 4070 1251 4112 autem
1293 4054 1441 4109 Isaac
1470 4069 1532 4106 ac
1566 4050 1872 4113 Mastintze,
1925 4055 2232 4102 statuerunt
2283 4047 2337 4098 in

764 4149 1088 4205 sacerdotali
1137 4148 1333 4200 throno
1382 4142 1655 4205 Cilonem,
1697 4140 1985 4193 oriundum
2016 4137 2211 4205 oppido
2242 4136 2336 4189 At-

767 4258 938 4305 mesu,
993 4241 1241 4306 seditque
1287 4252 1416 4290 ann.
1478 4234 1566 4286 ΓΙ.
1620 4230 1695 4283 Eo
1749 4228 2001 4298 pontiﬁce
2044 4229 2203 4298 jussit
2246 4242 2341 4281 rex

766 4332 1054 4387 Persarum
1098 4337 1158 4382 ut
1194 4328 1246 4380 itt
1298 4324 1555 4379 Armenia
1607 4321 1913 4374 Catholicos
1952 4334 2016 4373 ac
2058 4323 2341 4387 episc0pos

768 4425 1111 4485 ordinarent,
1144 4432 1315 4491 usque
1346 4417 1398 4470 in
1429 4425 1750 4486 praesentem
1786 4412 1948 4464 diem.

771 4700 851 4753 Ad
883 4699 997 4752 haec
1024 4695 1262 4749 Joannes
1286 4691 1649 4753 Martacunes,
1682 4703 1809 4741 anu.
1834 4685 1889 4739 6.

771 4790 1142 4859 Apovipcenes
1170 4784 1238 4839 de
1268 4784 1465 4853 oppido
1496 4779 1714 4844 Komes,
1747 4794 1872 4833 ann.
1911 4777 1959 4832 5.

775 4878 993 4935 Samuel
1026 4879 1093 4933 de
1118 4877 1318 4945 oppido
1343 4875 1557 4938 Artase,
1585 4887 1711 4925 ann.
1746 4871 1835 4924 η.

778 4971 1010 5025 Museles
1040 4969 1108 5023 de
1136 4967 1337 5037 oppido
1363 4966 1617 5033 Arperes,
1652 4978 1778 5026 ann,
1805 4962 1895 5015 5t).

779 5063 927 5119 Isaac
960 5065 1025 5116 de
1060 5064 1262 5122 Arcan,
1292 5074 1421 5111 ann.
1454 5058 1507 5111 7.

780 5157 1207 5225 ChristOphorus
1241 5152 1309 5207 de
1339 5151 1649 5215 Cubaritze,
1683 5164 1812 5204 ann.
1840 5150 1892 5203 6.

782 5247 1035 5301 Leontius
1072 5245 1141 5300 de
1175 5245 1326 5305 Aret,
1350 5236 1486 5295 ann.
1528 5242 1579 5295 5.

784 5340 1044 5393 Norseses
1074 5337 1137 5391 de
1170 5337 1434 5406 Asparac,
1470 5350 1599 5389 ann.
1630 5335 1685 5389 9.

853 5428 982 5497 Ejus
1006 5439 1245 5497 tempore
1276 5428 1545 5483 celebrata
1570 5438 1654 5483 est
1683 5431 1925 5501 synodus
1950 5446 2002 5483 m
2027 5432 2158 5484 urbe
2188 5429 2355 5484 Tiben

784 5522 852 5576 ab
874 5523 1079 5592 Aptyso
1114 5519 1250 5591 Syro
1276 5519 1542 5575 Jacobita.
1578 5518 1819 5575 Tametsi
1862 5530 2062 5585 autem,
2116 5537 2143 5573 a
2184 5522 2356 5575 sancti

785 5612 1032 5683 Gregorii
1081 5629 1143 5667 ac
1176 5613 1410 5666 aliorqu
1450 5612 1668 5666 Patrum
1716 5613 2094 5668 traditionibus
2133 5614 2363 5667 dellexe-

789 5714 932 5769 rant,
988 5705 1116 5759 nihil
1171 5706 1464 5773 quidquam
1523 5714 1701 5759 tamen
1751 5703 1819 5759 de
1882 5704 1985 5758 ﬁde
2043 5720 2105 5757 ac
2157 5705 2364 5774 synodo

790 5798 1239 5865 Chalcedonensi,
1291 5798 1601 5867 duplicique
1658 5798 1710 5852 in
1760 5798 1977 5854 Chrism
2026 5799 2132 5855 Deo
2179 5810 2365 5855 nostro

1785 364 2032 440 ISAACI
2075 360 2453 423 ARMENM‘J
2493 357 2901 419 CATHOLICI

2338 482 2377 536 Α
2421 476 2478 527 'U
2504 476 2781 543 Φαρνεσὲκ
2809 473 2915 527 ἀπὸ
2946 471 3053 523 τών
3079 470 3135 521 Ἀ
3152 468 3410 536 τπράκων
3434 464 3637 536 χώρας,
3659 461 3752 529 ἔτη
3777 459 3841 514 δ’.

2356 3164 2402 3223 C

3849 340 3988 407 1256

2420 570 2479 620 Ὀ
2506 568 2661 634 ἆγιος
2689 566 2998 636 Νορσέσης,
3041 563 3136 630 ἐτη
3173 562 3266 614 λδ¹.
3301 562 3397 612 Ὂν
3434 557 3726 612 ἀπέκτεινε
3760 552 3984 623 Φάρμη.

2409 657 2520 715 Εἶθ’
2552 659 2735 722 οὓτως
2776 658 3011 726 Ὶουσὴκ,
3048 656 3143 725 ἔτη
3167 653 3234 721 γ’.

2422 756 2480 807 Ὀ
2513 754 2774 821 Ζαγένης,
2811 752 2904 818 ἔτη
2943 752 3003 803 δ’.

2496 847 2551 898 '0
2586 841 3065 912 Ἀσπουρακέσης,
3123 839 3215 907 ἔτη
3271 832 3527 900 ζ’.οὗτοι
3585 837 3638 890 οἱ
3697 839 3847 904 τρεῖς
3896 836 3995 902 τῆς

2422 940 2629 1009 Ἀχὰρκ
2656 939 2838 1006 χώρας
2867 936 3160 988 ἐπίσκοποι
3183 928 3347 1001 ἦσαν,
3383 932 3553 1007 ὄνομα
3580 931 3743 998 μόνον
3768 930 3996 999 ἔχοντες

2412 1030 2720 1084 καθολικόν.
2788 1028 3109 1079 Ἐπίσκοποι
3165 1024 3497 1092 χειροτονεῖν
3557 1021 3658 1074 οὐκ
3718 1022 3992 1089 ἐτόλμωσ,

2414 1124 2604 1191 ἐπειδὴ
2631 1122 2719 1175 διὰ
2760 1119 2852 1171 τὸν
2888 1118 3123 1171 θάνατον
3157 1116 3251 1168 τοῦ
3286 1115 3444 1181 ἁγίου
3475 1114 3750 1182 Νορσέση.
3784 1111 3997 1163 ἐκωλύσι

2416 1214 2588 1283 θησαν
2615 1216 2764 1280 παρὰ
2800 1195 3370 1279 τούῠάρχιεπισκόπου
3403 1204 3742 1274 Καισαρείας
3783 1204 3840 1254 αἱ
3877 1220 3999 1271 χει-

2419 1305 2653 1373 ροτονίαι
2677 1303 2786 1354 τῶν
2812 1300 3127 1354 ἐπισκόπων
3148 1299 3248 1365 τῆς
3281 1296 3525 1365 μεγάλης
3570 1295 3885 1364 Ἀρμενίας.

2486 1391 2619 1447 Εἶτα
2660 1396 2687 1446 6
2728 1395 2887 1460 ἅγιος
2930 1392 3116 1445 Ἰσαὰκ
3148 1389 3339 1441 ἔλαϐεν
3382 1388 3636 1453 ἐξουσίαν
3663 1389 3999 1455 χειροτονεῖν

2416 1488 2495 1549 είς
2534 1486 2826 1554 Ἀρμενίαν
2858 1484 3217 1545 ἐπισκόπους,
3252 1481 3311 1543 ὃς
3343 1480 3437 1532 καὶ
3475 1480 3868 1545 ἐπεσκόπησεν
3903 1479 3999 1541 ἐτη

2423 1578 2495 1647 μ’.
2522 1576 2675 1631 Μετὰ
2707 1576 2762 1628 δὲ
2795 1575 3021 1643 χρόνους
3058 1576 3213 1634 τινὰς
3237 1570 3618 1631 διαϐάλλοντες
3653 1569 3730 1635 τῷ
3767 1570 4001 1636 Περσών

2422 1668 2653 1736 βασιλεῖ,
2682 1665 2757 1733 τῷ
2783 1665 2939 1733 Βρὰμ
2962 1664 3147 1724 Σαπῶ,
3174 1662 3265 1713 τὸν
3292 1662 3422 1712 [διον
3441 1660 3667 1729 βασιλέα
3692 1659 4000 1728 Ἀρτασὴρ,

2422 1758 2518 1811 καὶ
2564 1759 2655 1808 τὸν
2706 1757 2863 1823 ἆγιον
2906 1755 3112 1815 Ἰσαάκ,
3153 1751 3228 1815 ώς
3282 1753 3773 1821 ὁμοφρονήσαντας
3824 1752 3881 1800 ὲν
3936 1756 4001 1816 τῇ

2427 1850 2589 1922 βουλῇ
2622 1849 2820 1912 αὐτῶν,
2861 1846 3160 1899 κατέϐαλον
3192 1845 3354 1898 αὑτὸν
3388 1844 3495 1896 ἀπὸ
3532 1843 3628 1894 τοῦ
3679 1842 3872 1910 θριὶνου
3908 1842 4007 1893 αὗ-

2425 1947 2542 1997 τοῦ.

2500 2034 2609 2086 Καὶ
2647 2031 2785 2100 μετὰ
2818 2030 2917 2101 τὴν
2953 2029 3228 2081 ἔκπτωσιν
3264 2027 3357 2080 τοῦ
3400 2027 3611 2086 Ἰσαὰκ,
3652 2028 3741 2076 τὸν
3788 2025 4011 2094 Σορμὰν

2431 2128 2538 2180 ἀπὸ
2576 2126 2670 2179 τοῦ
2709 2125 2999 2189 Ἀρτζακὲ,
3049 2126 3114 2192 τῇ
3160 2122 3454 2192 προστάξει
3500 2120 3595 2172 τοῦ
3634 2119 3745 2170 τῶν
3781 2120 4011 2187 Περσᾶν

2431 2219 2713 2289 βασιλέως,
2744 2218 2838 2270 καὶ
2871 2221 2935 2285 τῇ
2974 2216 3083 2285 ἰδίᾳ
3114 2215 3296 2266 αὐτῶν
3328 2215 3514 2283 βουλῇ,
3550 2213 3814 2265 ἐκάθισαν
3845 2212 4013 2263 αὐτῖν

2434 2308 2760 2375 Καθολικὺν,
2786 2306 3171 2369 διαὸάλλοντες
3208 2305 3301 2358 τὸν
3347 2306 3549 2357 Ἰσαάκ.

2503 2406 2851 2472 Μισήσαντες
2881 2401 2937 2454 δὲ
2980 2400 3162 2463 αὐτὸν,
3197 2398 3501 2450 κατέϐαλον
3536 2394 3645 2447 ἀπὸ
3683 2393 3779 2447 τοῦ
3814 2394 4011 2462 θρόνου

2431 2495 2637 2557 αὑτοῦ,
2687 2492 2826 2565 [καὶ]
2868 2496 3193 2562 αἰτήσαντες
3230 2489 3308 2557 τῷ
3347 2490 3454 2542 τῶν
3496 2486 3719 2556 Περσῶν
3774 2484 4012 2553 βασιλεῖ,

2433 2587 2711 2655 λέγοντες·
2752 2605 2770 2635 ε
2823 2586 2918 2646 Δὸς
2955 2587 3086 2653 ἡμῖν
3136 2586 3199 2637 ὲκ
3242 2583 3342 2650 τῆς
3397 2579 3580 2648 χώρας
3636 2596 3752 2638 σου,
3806 2577 3903 2629 καὶ
3942 2577 4017 2645 μὴ

2434 2679 2573 2731 ἔστω
2600 2679 2733 2746 ἡμῖν
2786 2678 3072 2745 Ἀρμένιος
3094 2691 3106 2703 ·
3148 2692 3166 2725 ο
3200 2672 3296 2726 καὶ
3342 2673 3544 2724 ἔδωκεν
3573 2672 3759 2731 αὐτοῖς
3790 2670 3819 2720 6
3858 2670 4017 2737 βασιυ

2433 2773 2559 2833 λεὺς
2598 2771 2688 2822 τὸν
2741 2768 3013 2837 Περσικὸν
3046 2768 3139 2819 τὸν
3178 2765 3379 2834 Σύρονο
3417 2765 3513 2816 καὶ
3561 2763 3703 2831 μετὰ
3746 2764 3876 2829 τρία
3920 2760 4017 2829 ἐτη

2440 2863 2771 2930 μισήσαντες
2821 2856 2915 2909 καὶ
2971 2855 3171 2920 αὑτὸν,
3218 2852 3541 2907 κατέϐαλον.
3596 2852 3765 2903 Πάλιν
3811 2850 4017 2901 ἔδωκεν

2436 2952 2622 3013 αὐτοῖς
2659 2951 2751 3002 τὸν
2805 2949 3143 3003 Μουσούὶ.ιον
3189 2946 3281 2998 τὸν
3337 2945 3530 3014 Σύρον.
3589 2943 3860 3003 Κάκεῖνος
3922 2944 4017 2993 δύο

2436 3045 2663 3113 χρόνους
2707 3040 2961 3101 καθίσας,
3018 3040 3076 3089 ὲν
3126 3036 3296 3107 πολλῇ
3351 3035 3529 3103 θλίψει
3595 3035 3863 3087 κατέλυσε
3922 3034 4015 3084 τὸν

2438 3136 2574 3204 βίον.

2518 3226 2582 3278 ’11
2628 3224 2722 3276 οὖν
2756 3220 3059 3291 χειροτονία
3090 3219 3188 3286 τῆς
3223 3216 3511 3285 Ἀνατολῆς
3533 3213 3785 3281 ζεκωλύθη
3824 3213 3888 3263 ὲκ
3921 3213 4020 3277 τῆς

2435 3320 2796 3389 Καισαρείας,
2829 3317 2917 3369 διὰ
2946 3316 3043 3383 τὴν
3068 3315 3347 3366 ἔκπτωσιν
3369 3311 3462 3363 τοῦ
3494 3311 3700 3362 Ἰσαάκ.
3734 3310 3849 3360 Καὶ
3884 3308 4021 3375 μετὰ

2434 3412 2607 3464 ταῦτα
2636 3408 3003 3478 ἀπερχόμενοι
3035 3405 3082 3456 οἱ
3118 3400 3336 3465 Ἀζάτοι
3365 3401 3474 3453 τῶν
3502 3400 3832 3467 Ἀρμενίων,
3870 3416 4015 3465 παρα

2437 3505 2667 3557 εκάλουν
2735 3501 2824 3553 τὸν
2900 3500 3046 3551 ὅσιον
3106 3495 3313 3556 Ἰσαάκ,
3373 3493 3448 3561 μὴ
3502 3492 3866 3561 μνημονεύειν
3912 3492 4021 3542 τὼν

2438 3594 2717 3664 πονηριῶν
2750 3590 2952 3654 αὐτῶν,
2980 3590 3073 3641 καὶ
3107 3587 3476 3655 ὑποστρέφειν
3502 3586 3583 3646 εἰς
3614 3583 3805 3652 θρόνον
3834 3582 4021 3634 αὐτοῦ.

2448 3689 2507 3739 '0
2537 3688 2615 3749 δὲ,
2648 3685 2746 3737 οὐκ
2776 3684 3098 3752 εἰσήκουσεν
3124 3678 3327 3730 αὐτῶν.

2511 3778 2674 3831 Ὅθεν
2716 3775 2902 3827 λοιπὸν
2944 3772 3250 3841 διηγήσατο
3295 3770 3479 3830 αὐτοῖς
3511 3766 3611 3835 τὴν
3644 3766 3916 3817 ὀπτασίαν
3957 3767 4023 3833 ἣν

2441 3872 2655 3939 ἑώρακε
2686 3867 2939 3937 περὶτῆς
2967 3862 3298 3923 ἐκπτώσεως
3321 3864 3521 3925 αὐτῶν,
3557 3862 3657 3929 τῆς
3694 3861 3967 3930 γενομένη
4007 3900 4023 3920 .

2444 3963 2537 4015 καὶ
2571 3962 2667 4027 τῆς
2693 3960 2983 4025 ἐσομένης.
3011 3955 3223 4008 Δέδωκε
3250 3954 3306 4005 δὲ
3337 3956 3520 4015 αὐτοῖς
3550 3954 3669 4005 ἀνθ’
3703 3952 3901 4005 ἑαυτοῦ
3933 3970 3964 4004 τ
3997 3972 4024 4001 ν

2445 4054 2716 4123 μακάριον
2762 4050 3151 4119 Μαστήντζην,
3212 4050 3430 4118 φύλακα
3475 4045 3568 4098 τοῦ
3604 4046 3799 4116 θρόνου
3834 4046 4021 4098 αὐτοι.

2442 4146 2554 4198 Καὶ
2590 4144 2727 4213 μετὰ
2754 4143 2852 4209 τὴν
2883 4142 3137 4211 τελευτὴν
3160 4142 3251 4194 τοῦ
3287 4141 3492 4204 Ἰσαὰκ,
3516 4140 3611 4191 καὶ
3641 4137 3735 4190 τοῦ
3760 4138 4021 4203 Μαστήν-

2441 4238 2563 4304 τζη,
2624 4236 2885 4289 ἐκάθισαν
2912 4236 3007 4287 ἐπὶ
3036 4235 3130 4287 τοῦ
3159 4234 3353 4303 θρόνου
3389 4230 3665 4302 ἱερατικοῦ
3701 4232 3796 4282 τὸν
3840 4230 4022 4287 Κιτὸν,

2444 4334 2534 4385 τὸν
2568 4331 2697 4384 ὅντα
2724 4329 2833 4381 ἀπὸ
2863 4329 2958 4397 τῆς
2984 4326 3175 4395 κώμης
3215 4323 3511 4393 Ἀτμησοῦ,
3542 4321 3638 4389 ἐτη
3675 4318 3760 4382 ιζ’.
3784 4320 3875 4370 Ἐν
3908 4320 4027 4377 ταῖς

2445 4423 2684 4492 ήμέραις
2707 4422 2764 4474 δὲ
2796 4420 2987 4471 τούτου
3019 4416 3438 4486 προετάχθησαν
3463 4414 3613 4482 παρὰ
3641 4412 3737 4463 τοῦ
3763 4409 4026 4479 βασιλέως

2375 4508 2416 4563 D
2446 4515 2556 4566 τῶν
2619 4513 2863 4582 Περσῶν,
2912 4511 3238 4579 χειροτονεῖν
3278 4510 3358 4570 είς
3392 4507 3495 4576 τὴν
3559 4504 3859 4573 Ἀρμενίαν
3896 4504 4026 4554 καθ-

2458 4603 2675 4665 ολικοὺς
2708 4602 2803 4654 καὶ
2829 4600 3161 4660 ἐπισκόπους
3187 4599 3349 4668 μέχρι
3376 4598 3475 4665 τῆς
3511 4597 3775 4664 σήμερον.

2455 4692 2588 4748 Εἶτα
2633 4695 2897 4761 Ἰωάννης
2927 4694 2955 4745 6
2986 4690 3410 4761 Μαρτακουνῆς,
3444 4688 3538 4756 ἐτη
3575 4694 3650 4749 ς’.

2466 4789 2870 4854 Ἀπουῖπκένης
2900 4785 2928 4836 6
2967 4785 3075 4837 ἀπὸ
3106 4784 3205 4851 τῆς
3238 4779 3416 4835 Μισοῦ
3456 4781 3552 4849 τῆς
3596 4778 3791 4846 κώμης
3830 4777 3925 4845 ἔτη
3964 4782 4029 4829 ε’.

2461 4883 2521 4934 Ὀ
2539 4878 2796 4949 Σαμουὴλ
2820 4881 2848 4930 6
2874 4877 2982 4931 ἀπὸ
3018 4877 3280 4946 ’Δρτασαὶ
3317 4873 3416 4942 τῆς
3452 4873 3669 4941 κώμης,
3703 4873 3801 4939 ἔτη
3830 4869 3918 4937 ιβ’.

2465 4973 2524 5025 '0
2564 4971 2849 5039 Μουσέλης
2883 4970 2911 5020 6
2939 4968 3048 5021 ἀπὸ
3085 4967 3185 5035 τῆς
3222 4967 3417 5033 κώμης
3458 4965 3775 5032 Ἀρπηρείς,
3823 4962 3917 5031 ἔτη
3957 4961 4021 5013 ν’.

2467 5063 2525 5116 '0
2574 5064 2758 5116 Ἰσαὰκ
2792 5062 2901 5115 ἀπὸ
2939 5060 3031 5113 τοῦ
3073 5060 3297 5129 ’Δρκὰν,
3332 5058 3427 5127 ετη
3465 5055 3531 5119 ζ’.

2468 5156 2526 5208 ¹0
2563 5156 2939 5223 Χριστοφόρος
2978 5157 3006 5206 ό
3040 5152 3148 5205 ἀπὸ
3177 5152 3271 5204 τοῦ
3316 5146 3695 5217 Κουῦαρίτζη,
3722 5146 3819 5214 ἐτη
3848 5145 3923 5210 ς’.

2475 5244 2530 5298 '0
2563 5247 2815 5307 Λεόντιος
2841 5245 2950 5297 ἀπὸ
2989 5243 3085 5297 τοῦ
3122 5242 3301 5311 Ἀρὲν,
3344 5240 3438 5308 ἐτη
3470 5240 3539 5305 γ’.
3856 5254 3857 5257 ‘

2468 5339 2529 5390 '0
2561 5339 2842 5409 Νορσέσης
2874 5337 2981 5391 άπὸ
3010 5337 3103 5389 τοῦ
3142 5336 3444 5406 Ἀσπαρὰξ,
3474 5336 3571 5405 ἔτη
3611 5336 3677 5387 θ’.

2544 5433 2631 5486 Ἑν
2657 5434 2777 5494 ταῖς
2802 5433 3040 5501 ἡμέραις
3066 5430 3234 5483 αὐτοῦ
3267 5432 3486 5496 ἐγένετο
3518 5431 3547 5498 ἡ
3584 5428 3804 5490 σύνοδος
3825 5432 3907 5492 εἰς
3936 5430 4034 5479 πό-

2461 5528 2545 5580 λιν
2569 5526 2761 5596 Τιόὴν,
2782 5526 2891 5578 ἀπὸ
2918 5524 3015 5577 τοῦ
3040 5522 3287 5577 Ἀπτισῶ
3318 5522 3493 5592 Σύρου
3521 5521 3860 5575 Ἰακωόίτου.
3898 5522 4041 5574 Μέν-

2464 5637 2546 5673 τοι
2572 5637 2634 5688 γε
2667 5621 2715 5672 εἰ
2755 5620 2849 5672 καί
2886 5617 2983 5680 τὰς
3012 5618 3342 5687 παραδόσεις
3373 5616 3466 5668 τοῦ
3516 5615 3674 5682 ἁγίου
3712 5615 4042 5684 Γρηγορξου,

2467 5714 2560 5765 καὶ
2597 5711 2707 5763 τῶν
2744 5711 2918 5763 ἄλλων
2956 5710 3210 5779 πατέρων
3259 5708 3537 5773 ἐξέκλιναν
3560 5724 3574 5736 '
3608 5707 3723 5758 ἀλλ’
3780 5705 3873 5757 οὖν
3911 5706 4044 5773 περὶ

2466 5803 2566 5871 τὴν
2609 5803 2816 5868 πίστιν,
2850 5803 2944 5855 καὶ
2978 5800 3076 5871 τὴν
3113 5798 3333 5853 σύνοδον
3370 5798 3467 5869 τὴν
3497 5800 3554 5851 ἐν
3582 5797 3913 5866 Χαλκηδόνι,
3946 5797 4045 5849 καὶ
