4194 6444
172 398 307 460 125Ἱ

1402 390 1497 451 DE
1540 390 1794 452 REBUS
1835 390 2229 451 ARMENL’E.

3293 393 3440 459 1238

166 510 299 577 περὶ
329 510 427 571 τὰς
448 507 543 561 δύο
570 504 763 575 φύσεις
807 506 903 567 τὰς
946 506 1002 559 ἐν
1036 503 1261 575 Χριστῷ
1286 504 1364 575 τῷ
1404 506 1523 577 Θεῷ
1563 508 1744 576 ἡμῶν,

1854 516 2049 559 natura
2081 505 2483 567 dubitaverant,
2518 505 2582 557 ad
2610 519 2779 575 usque
2818 518 3017 560 annum
3056 507 3181 573 105,
3227 525 3255 563 a
3302 514 3441 569 cele-

162 602 428 672 οὐδεμίαν
479 598 813 669 ἀμφιὸολίαν
850 592 1021 666 εἶχον,
1070 596 1176 657 ἕως
1207 597 1343 648 ὲτῶν
1375 595 1478 666 ργ⁹,
1513 596 1622 649 ἀπὸ
1652 597 1752 667 τῆς

164 694 390 747 συνόδου
421 692 521 761 τῆς
567 693 626 743 ἐν
657 688 987 758 Χαλκηδόνι,
1021 688 1128 751 ἕως
1155 689 1256 758 τῆς
1300 688 1523 741 συνόδου
1554 687 1751 758 Τιόήν.

166 788 281 841 Καὶ
301 784 489 837 λοιπὸν
520 783 582 847 ἐξ
610 781 824 835 ἐκείνου
851 782 1175 850 ἀπέστησαν
1200 780 1311 832 ἀπὸ
1334 780 1433 846 τῆς
1464 782 1753 842 κοινωνίας

164 878 279 931 τῶν
324 876 613 947 Ῥωμαίων
647 874 742 926 καὶ
784 874 883 945 τὴν
923 871 1292 944 Ἰερουσαλὴμ
1324 872 1750 941 ἀνεθεμάτισαν,

169 973 267 1024 καὶ
316 973 415 1042 τὴν
464 968 685 1023 σύνοδον
732 966 1106 1037 Χαλκηδόνος,
1140 966 1574 1037 ὁμολογήσαντες
1622 966 1754 1035 μίαν

168 1062 335 1133 φύσιν
378 1060 472 1114 τοῦ
515 1059 779 1131 Χριστοῦ,
818 1059 920 1126 τῆς
969 1059 1228 1127 θεότητος
1273 1056 1496 1127 καὶτῆς
1538 1057 1752 1127 ἀνθρω-

169 1157 441 1227 πότητος·
484 1154 819 1225 προσέθεντο
844 1153 926 1214 τὸ,
970 1155 1002 1206 o'
1046 1150 1434 1217 c'ravaOelc,
1470 1151 1547 1213 είς
1585 1154 1750 1217 Τρισ-

166 1250 347 1317 ἁγιον
388 1246 577 1317 ὕμνον,
613 1245 751 1314 πρὸς
779 1245 974 1313 ’Ἄγιος
997 1248 1028 1297 ό
1061 1244 1224 1309 Θεός.
1266 1244 1419 1295 Μετὰ
1459 1245 1623 1311 ὅρκου
1660 1243 1753 1295 καὶ

163 1336 764 1409 ἀναθεματισμοῦ,καὶ
805 1336 947 1404 μετὰ
1006 1334 1251 1405 ἀλλήλων
1280 1334 1577 1405 ἐγγράφως
1627 1333 1751 1388 ίδιο-

165 1433 331 1500 χερσὶ
376 1429 638 1492 διέθεντο,
675 1428 751 1496 μὴ
779 1424 1108 1496 χωρίζεσθαι
1143 1425 1246 1495 τῆς
1279 1425 1538 1494 τοιαύτης
1558 1426 1750 1494 ὁμολο-

164 1524 295 1587 γίας
330 1520 411 1583 είς
434 1522 526 1572 τὸν
558 1519 751 1573 αἰῶνα.
778 1519 882 1569 Τὸν
912 1517 968 1570 δὲ
1007 1518 1255 1588 Εύτυχὲα
1280 1518 1369 1569 τὸν
1404 1518 1748 1586 Ἰακωϐἰτην,

163 1616 263 1667 καὶ
296 1614 341 1683 β’
370 1613 564 1675 ἄλλους
600 1613 857 1680 ἑταίρους
907 1611 1099 1673 αύτού,
1151 1614 1179 1663 6
1210 1610 1309 1680 μὲν
1356 1603 1435 1674 εἷς
1472 1611 1752 1664 Ἰουλιανί-

160 1724 289 1774 της,
318 1708 345 1760 6
364 1707 422 1758 δὲ
449 1705 662 1774 ἔτερος,
687 1702 854 1773 ἄλλης
888 1703 1157 1771 αἱρέσεως
1185 1702 1489 1771 τυγχάνων,
1522 1700 1750 1753 ἐπισκό-

163 1814 303 1858 πους
345 1794 851 1865 χειροτονήσαντες,
891 1793 973 1853 είς
1003 1790 1456 1867 Μεσωποταμίαν
1496 1791 1752 1843 ἀπέστει-

164 1890 289 1943 λαν.

166 1979 329 2034 Μετὰ
379 1978 541 2032 τοῦτο
568 1980 597 2032 6
634 1974 915 2045 Εὐανέσης
942 1978 968 2029 6
1006 1977 1114 2029 ἀπὸ
1145 1975 1499 2044 Καπεληνῆς,
1524 1974 1617 2045 ἔτη
1648 1973 1738 2038 ιζ’.

174 2073 235 2125 Ὀ
268 2071 517 2142 Μωῡσῆς
550 2071 658 2124 ἀπὸ
686 2071 782 2124 τοῦ
818 2070 1126 2140 Ἐλιὸἀρετ,
1174 2068 1271 2137 ἔτη
1299 2066 1363 2121 λ’.

175 2168 236 2219 '0
276 2163 532 2235 Ἀϐραὰμ
562 2162 672 2217 ἀπὸ
702 2163 1101 2234 Ἀραστοννῆς,
1134 2163 1228 2232 ἐτη
1258 2159 1363 2228 κγ’.

172 2262 232 2313 Ὀ
279 2258 530 2328 Ἰωάννης
559 2257 663 2310 ἀπὸ
696 2256 792 2309 τοῦ
821 2258 1107 2325 Πακρανᾶ.
1141 2255 1237 2325 ἐτη
1267 2261 1388 2322 ις’.

164 2350 451 2422 Κωμητὰς
478 2351 504 2403 6
525 2351 617 2403 καὶ
640 2352 741 2419 τῆς
765 2347 959 2419 κώμης
976 2345 1532 2417 Ἐλτζησαρακιτζοῦ,
1558 2345 1654 2416 ἔτη
1679 2351 1748 2415 η’.

172 2449 233 2498 ’()
271 2444 643 2516 Χριστοφόρος
671 2445 699 2496 6
728 2442 1096 2513 Ἀδραμίτης,
1124 2440 1219 2509 ἐτη
1253 2436 1323 2507 γ’.

174 2541 234 2591 't)
273 2538 513 2608 Ἔσδρας
543 2539 569 2589 6
590 2533 698 2587 ἀπὸ
724 2532 821 2585 τοῦ
848 2532 1019 2595 Νικᾶ,
1054 2530 1149 2601 ἐτη
1184 2537 1238 2584 ι’.

174 2632 232 2684 ἰ)
258 2629 548 2700 Νορσέσης
572 2628 599 2679 6
631 2624 741 2682 ἀπὸ
775 2624 871 2677 τοῦ
909 2622 1108 2693 Ἰσχνᾶ,
1138 2623 1233 2692 ἔτη
1269 2630 1337 2677 κ’.

173 2726 235 2775 '0
264 2722 620 2781 Ἀναστάσιος
644 2719 671 2771 6
694 2717 803 2773 ἀπὸ
832 2718 927 2771 τοῦ
952 2719 1129 2789 Κορᾶ,
1162 2717 1258 2789 ἔτη
1286 2722 1357 2783 ς’.

174 2818 233 2869 '0
263 2814 490 2885 Ἰσραὴλ
518 2816 546 2867 6
576 2812 687 2866 ἀπὸ
711 2811 938 2882 Τμησοῦ
972 2810 1078 2879 τῆς
1103 2809 1324 2880 κώμης,
1350 2809 1447 2880 ἔτη
1479 2818 1532 2863 ι’.

176 2912 233 2961 Ὀ
269 2908 459 2961 Ἰσαὰκ
489 2905 599 2961 ἀπὸ
629 2904 724 2957 τοῦ
756 2901 1199 2972 Βαζακαστρίου.

166 3000 422 3063 Βασιλεῖς
452 2995 783 3069 Ἀρμενίων,
818 2994 928 3048 ἀπὸ
956 2992 1051 3048 τοῦ
1080 2990 1374 3065 Βαλαρὰιις
1406 2992 1513 3056 ἕως
1536 2992 1748 3065 Τασὴρ,

233 3094 332 3144 καὶ
363 3089 503 3161 μετὰ
531 3091 659 3153 τοὺς
697 3090 993 3159 ἡγεμόνας.

167 3182 470 3253 Κοινουνὴς
500 3184 527 3235 6
559 3182 789 3252 Πρίτης,
814 3180 909 3250 ἔτη
931 3179 994 3235 δ’.

174 3278 232 3327 ’t)
258 3275 428 3329 Δαὸὶδ
456 3276 483 3326 6
506 3272 786 3343 Σαρωνῆς,
816 3273 911 3341 ἔτη
941 3270 1009 3338 γ’.

165 3366 479 3435 Ίότρούσης
506 3366 534 3415 6
569 3362 925 3431 Ῥονστανῆς.
962 3361 1058 3431 ἐτη
1088 3367 1136 3415 ι’.

176 3460 232 3510 'U
268 3457 603 3527 Ἀμαζάπης
642 3456 670 3507 6
706 3456 1155 3526 Κουροπάλατος,
1198 3455 1294 3525 ἔτη
1319 3454 1381 3509 δ’.

167 3550 470 3619 ι’ρηγόριος
506 3548 535 3599 6
568 3547 797 3614 ἀδελφὸς
830 3546 1019 3607 αὑτοῦ,
1048 3545 1144 3611 ἐτη
1169 3546 1266 3597 κδ’.

166 3644 352 3710 Σώτης
384 3638 797 3709 Πακρατουνὴς,
832 3638 927 3708 ἔτη
955 3644 1027 3704 γ’.

176 3736 232 3787 Ὀ
258 3731 546 3803 Νερσέχης
582 3731 995 3801 Καμιῖναρακαν,
1035 3729 1129 3797 ἔτη
1152 3735 1221 3796 γ’.

174 3831 233 3881 '0
261 3827 660 3897 Πακρατουνὴς
688 3826 1024 3895 Συμπάτιος.

1781 1863 1828 1922 Β

1856 597 2011 651 hrata
2055 597 2259 668 synodo
2305 596 2734 652 Chalcedonensi
2808 615 2984 669 usque
3050 602 3117 656 ad
3176 607 3439 673 synodum

1856 688 2049 743 Tiheu.
2082 690 2349 758 Deinceps
2396 699 2582 742 autem
2635 701 2979 744 recesserunt
3006 706 3035 743 a
3070 691 3439 749 Romanorum

1856 782 2257 842 communione,
2291 796 2352 832 at-
2385 779 2690 835 Jerusalem
2727 780 3279 848 anathematizantes,
3317 800 3445 839 san-

1858 880 2111 942 ctamque
2148 872 2411 942 $3nodum
2445 872 2979 941 Chalcedonensem,
3032 875 3263 932 confessi
3317 891 3447 934 sunt

1858 975 2104 1018 naturam
2159 978 2322 1017 unam
2373 962 2597 1028 Christi,
2654 964 2875 1018 deitatis
2927 978 2992 1018 ac
3040 964 3440 1023 humanitatis:

1858 1067 2020 1125 atque
2071 1058 2137 1110 ad
2175 1057 2431 1126 hymnum
2467 1054 2568 1110 Ter
2609 1068 2850 1119 sanctus,
2904 1058 2970 1111 ad
3023 1056 3171 1123 illud,
3218 1057 3445 1113 Sanctus

1859 1149 2016 1213 Deus,
2048 1164 2236 1201 vocem
2273 1148 2439 1212 illam,
2495 1148 2584 1216 qni
2630 1148 2914 1215 cruciﬁxus
2948 1165 3021 1213 es,
3062 1148 3395 1205 addiderunt
3427 1168 3443 1203 ι

1851 1242 2211 1314 jurejurando
2241 1239 2477 1295 invicem
2524 1239 2875 1301 devoventes.
2906 1240 3186 1311 obsignata
3235 1242 3443 1311 scripto

1857 1334 2089 1405 propriae
2119 1345 2313 1385 manus
2370 1330 2749 1400 promissione,
2806 1345 3077 1400 nunquam
3124 1348 3181 1387 se
3218 1333 3270 1387 in
3316 1349 3444 1402 per-

1858 1435 2079 1495 pctuutn
2114 1438 2425 1479 recessuros
2462 1423 2528 1476 ah
2554 1422 2643 1476 illa
2671 1422 3041 1477 confessione.
3086 1422 3253 1477 Porro
3280 1423 3444 1495 Euty-

1858 1517 2068 1571 chetem
2131 1513 2471 1577 Jacohitam,
2541 1515 2772 1584 ejusque
2826 1514 2960 1568 alios
3024 1516 3159 1569 duos
3222 1515 3442 1573 socios.

1856 1623 2085 1677 quorum
2158 1622 2297 1662 unus
2355 1605 2656 1669 Julianita,
2718 1607 2856 1661 alter
2926 1607 3151 1662 haeresis
3218 1608 3445 1662 alterius

1856 1710 1995 1759 erat,
2044 1699 2337 1768 episcopos
2391 1697 2708 1752 ordinantes
2734 1737 2750 1763 ,
2794 1698 3060 1753 miserunt
3102 1700 3153 1753 in
3196 1699 3443 1770 Mesopo-

1861 1803 2103 1845 lallllillll.

1926 1977 2121 2034 Pomea
2151 1977 2423 2034 Evancses
2453 1994 2483 2033 a
2512 1977 2801 2048 Capelene,
2835 1994 2963 2033 ann.
2994 1978 3079 2034 17.

1858 2073 2033 2129 Moses
2066 2073 2136 2126 ah
2174 2071 2439 2136 Eliharet,
2475 2085 2603 2125 ann.
2638 2071 2727 2126 '60.

1856 2166 2132 2221 Abraham
2158 2164 2226 2219 ab
2254 2164 2547 2229 Arastune,
2584 2177 2712 2217 ann.
2738 2162 2827 2217 25.

1853 2256 2094 2313 Joannes
2124 2273 2153 2311 a
2184 2256 2451 2321 Pacrana,
2486 2272 2615 2310 ann.
2647 2255 2739 2310 26.

1855 2350 2101 2406 Comitas
2127 2348 2197 2403 de
2226 2364 2365 2418 pago
2395 2347 2838 2411 Eltzesaracitze,
2872 2362 3005 2403 ann.
3040 2347 3095 2403 8.

1856 2440 2288 2510 Christophorus
2316 2438 2724 2505 Ahrahamites,
2759 2452 2891 2496 ann.
2920 2438 2977 2494 5.

1858 2530 2061 2588 Esdras
2085 2548 2112 2586 a
2145 2531 2298 2597 Nira,
2330 2546 2459 2586 ann.
2498 2531 2587 2586 10.

1855 2623 2122 2679 Norseses
2148 2624 2215 2677 ab
2248 2623 2468 2688 lschna,
2497 2638 2628 2679 ann.
2658 2623 2749 2680 20.

1853 2714 2174 2769 Anastasius
2197 2730 2226 2768 a
2252 2711 2415 2777 Cora,
2447 2728 2575 2770 ann.
2605 2715 2659 2770 6.

1855 2802 2021 2858 Israel
2051 2804 2120 2858 ah
2148 2804 2346 2873 oppido
2368 2805 2590 2871 'l‘mesu.
2625 2820 2754 2865 ann.
2782 2806 2871 2864 10.

1866 2895 2020 2951 lsaac
2054 2909 2083 2948 a
2118 2896 2485 2953 Bazacastrio.

1854 2990 2231 3044 Armeniorum
2285 3004 2441 3060 reges
2486 3005 2516 3045 a
2566 2990 2755 3048 Balare
2797 3007 2969 3065 usque
3021 2995 3088 3051 ad
3131 2992 3320 3064 Taser,
3364 3010 3435 3052 ac

1925 3093 2049 3154 post
2076 3088 2268 3141 duces.

1854 3177 2098 3233 Cinuncs
2128 3177 2416 3243 Pritensis,
2454 3192 2583 3233 ann.
2617 3178 2673 3233 6.

1855 3270 2023 3324 David
2056 3269 2404 3337 Saronensis,
2435 3286 2563 3326 ann.
2594 3273 2651 3328 5.

1858 3358 2124 3414 Totruscs
2156 3361 2539 3429 Rustanensis,
2572 3380 2699 3419 anu.
2740 3366 2828 3420 10.

1856 3457 2188 3523 Armazapes
2214 3455 2566 3524 Curopalata,
2599 3472 2730 3512 ann.
2762 3458 2819 3513 4.

1856 3546 2155 3614 Gregorius
2182 3546 2303 3617 ejus
2336 3548 2520 3616 frater,
2554 3564 2681 3603 ann.
2717 3549 2809 3603 ‘26.

1857 3639 2017 3695 Sotes
2040 3638 2525 3705 Pancratuuensis,
2562 3657 2690 3695 anu.
2723 3643 2779 3697 5.

1856 3731 2163 3786 Norseches
2197 3730 2687 3799 Cautpsaracanus,
2720 3748 2847 3788 ann.
2886 3734 2938 3788 5.

1858 3822 2231 3875 Pancratunes
2263 3820 2596 3890 Sympatius.

720 4166 1128 4244 QUOMODO
1160 4165 1675 4230 RECIPIENDI
1704 4166 1928 4231 SUNT
1953 4167 2837 4234 ARMENlI-HzERETICI.

1045 4317 1210 4376 (Apud
1236 4316 1450 4367 Coteler.
1478 4322 1582 4365 not.
1606 4316 1664 4364 ad
1700 4316 1905 4367 Constit.
1932 4319 2101 4379 Apost.
2126 4317 2205 4368 lib,
2242 4332 2291 4377 τ’,
2320 4332 2425 4379 cap.
2453 4320 2527 4369 Η.

175 4568 229 4621 Ἀ
240 4567 432 4630 πόταξ
438 4585 491 4632 ις
507 4564 623 4619 τῶν
644 4563 953 4637 αἱρετικῶν
968 4563 1301 4637 ξΑρμενζων.
1333 4563 1403 4616 Τὸ
1428 4544 1554 4630 ,πῶς
1577 4564 1738 4637 ὀφεί-

1849 4563 2185 4637 “enuntiatio
2264 4564 2634 4619 Itwt'eticorum
2688 4566 3075 4624 Armeniorum.
3154 4570 3430 4637 Quomodo

229 4643 455 4690 λουσιν
479 4632 934 4703 ἀναθεματίζειν
954 4632 1424 4703 ἐπιστρέφοντες
1452 4637 1601 4700 πρὸς
1626 4634 1743 4701 τὴν

232 4710 442 4758 πίστιν
463 4704 583 4757 τῶν
610 4702 946 4772 ὀρθοδόξων
982 4702 1287 4772 Ῥωμαίων
1305 4718 1319 4732 '
1345 4702 1403 4755 οἳ
1436 4706 1737 4768 οὺβαπτί-

232 4777 449 4838 (ortae,
482 4775 644 4828 ἀλλὰ
672 4773 1028 4843 μυροῦνται.

249 4900 394 4969 Ἐγὼ
415 4903 443 4953 6
462 4900 631 4960 δεῖνα,
650 4899 683 4968 ἢ
703 4899 866 4967 ἡμεῖς
882 4900 909 4951 6
930 4897 1079 4951 δεῖνα
1096 4898 1190 4951 καὶ
1206 4896 1234 4948 6
1248 4896 1419 4959 δεῖνα,
1441 4899 1611 4968 προσέ
1621 4916 1718 4969 ρχο
1731 4928 1743 4938 -

168 5009 261 5060 μαι
304 4995 371 5062 τῇ
397 4989 664 5061 ὀρθοδόξῳ
681 4989 1015 5059 ἀποστολικῇ
1035 4990 1134 5044 καὶ
1161 4989 1738 5061 καθολικῇἘκκλησίᾳ

168 5083 257 5135 καὶ
279 5084 687 5148 ἁποτάσσομαι,
716 5082 812 5135 καὶ
846 5079 1235 5150 ἁναθεματίζω
1256 5081 1355 5153 τὴν
1384 5082 1596 5151 αἰρεσιν
1624 5082 1733 5134 τῶν

174 5172 509 5242 Ἀρμενίων,
559 5173 655 5226 καὶ
714 5171 826 5225 τῶν
874 5169 1259 5240 Χατζιζαρίων
1298 5170 1360 5243 [f.
1420 5171 1734 5235 Χατζιτζα-

167 5260 336 5334 ρὶων].
368 5263 465 5315 καὶ
505 5261 612 5315 τῶν
642 5260 998 5327 ⁹1ακω6ιτῶν,
1029 5261 1125 5313 καὶ
1144 5259 1214 5313 τὰ
1242 5261 1361 5331 ἔθη,
1390 5262 1482 5313 καὶ
1510 5259 1579 5312 τὰ
1606 5262 1733 5313 ἐπι-

164 5353 498 5423 magonum,
524 5354 616 5406 καὶ
640 5352 741 5416 τὰς
766 5353 983 5423 ἑορτὰς.
1013 5352 1108 5406 καὶ
1138 5351 1326 5421 εὐχὰς,
1357 5352 1452 5405 καὶ
1477 5353 1731 5420 νηστείας

164 5443 357 5507 αὐτῶν,
394 5447 488 5497 καὶ
525 5445 625 5509 τὰς
663 5446 1014 5513 συναγωγὰς,
1046 5444 1140 5498 καὶ
1170 5442 1457 5513 βρώματα,
1488 5443 1583 5497 καὶ
1615 5443 1732 5497 πώ-

169 5550 330 5599 ματα,
387 5536 488 5588 είτ⁹
523 5530 619 5591 οὖν
650 5536 944 5591 Μαυτὰλια
992 5535 1053 5607 [Ι.
1086 5535 1358 5591 Ματάλια.
1391 5551 1441 5591 Β.
1480 5554 1532 5605 p.
1568 5535 1726 5606 1561⁸

167 5626 254 5676 καὶ
303 5627 493 5691 ἁπλῶς
538 5629 923 5699 ἀποτάσσομαι
982 5631 1051 5700 τῇ
1106 5629 1317 5699 αἱρέσει
1368 5628 1585 5682 αὐτῶν*
1637 5629 1733 5683 καὶ

166 5714 407 5789 ὀλοψύχῳ
431 5720 690 5791 προθέσει
717 5723 1096 5793 προσέρχομαι
1118 5725 1186 5793 τῇ
1211 5720 1475 5791 καθολικῇ
1502 5721 1734 5791 Ἐκκλη-

175 5806 260 5877 σίᾳ
283 5812 392 5866 τῶν
420 5813 719 5881 ὀρθοδόξων
738 5831 752 5843 ·
788 5818 883 5867 καὶ
933 5812 1177 5868 πιστεύω
1202 5817 1282 5878 είς
1305 5816 1402 5869 ἕνα
1454 5816 1589 5869 Θεδν
1624 5819 1732 5871 Πα-

482 5910 757 5974 Ρλτιιοι..
805 5910 924 6001 Gtt.
965 5909 1275 5973 CXXX”.

1912 4634 2134 4705 debeant
2166 4637 2642 4695 anathematiznre.
2674 4654 2791 4689 cum
2817 4641 2886 4689 ad
2917 4640 3073 4705 ﬁdem
3097 4634 3427 4698 orthodoxa—

1916 4720 2031 4824 rugt
2066 4703 2420 4757 Romanorum
2445 4705 2678 4759 redeunt.
2707 4706 2830 4762 Non
2864 4703 3202 4777 baptizonlur
3224 4723 3424 4776 autem.

1916 4788 1969 4824 se
2034 4784 2325 4824 unauntnr.

1914 4784 2005 4825 sed
2034 4784 2325 4841 unguntur.

1913 4898 2027 4968 Ego
2085 4899 2197 4964 ille,
2232 4899 2314 4953 vel
2361 4915 2461 4955 nos
2508 4900 2597 4957 ille
2645 4912 2700 4957 et
2730 4903 2840 4969 ille,
2877 4906 3078 4960 accedo
3124 4908 3190 4962 ad
3231 4910 3424 4965 ortho-

1843 4988 2061 5053 doxam,
2093 4990 2447 5059 apostolicam
2473 4999 2526 5046 et
2546 4993 2869 5050 catholicam
2902 4994 3200 5051 Ecclesiam
3220 5016 3235 5063 ;
3259 5011 3422 5069 atque

1844 5079 2112 5147 relinquo,
2143 5094 2207 5135 ac
2262 5080 2610 5138 anathemate
2659 5084 2900 5152 percutio
2942 5087 3189 5142 haeresim
3223 5092 3420 5146 Arme-

1843 5172 2079 5236 niorum,
2111 5172 2598 5229 ChatzitzaTiorum
2664 5182 2721 5229 et
2766 5173 3155 5242 Jacohitarnm,
3206 5195 3425 5235 eorum.

1840 5278 1947 5333 que
2002 5279 2202 5330 mores,
2240 5266 2504 5329 instituta,
2545 5264 2703 5333 festa,
2753 5283 2964 5337 preces.
3025 5270 3253 5340 jejunia,
3290 5288 3423 5327 cou-

1842 5366 2058 5423 ventus,
2099 5358 2254 5415 cibos
2305 5370 2357 5414 et
2409 5369 2565 5429 potus
2616 5375 2708 5415 seu
2757 5362 2974 5416 matalia
3014 5380 3026 5416 :
3062 5372 3115 5417 et
3175 5364 3421 5419 absolute

1835 5454 2088 5507 renuntio
2109 5452 2299 5507 haeresi
2329 5467 2515 5508 eorum
2542 5471 2557 5521 ;
2586 5463 2696 5508 toto
2727 5465 2907 5509 autem
2937 5457 3103 5511 animi
3135 5459 3415 5527 proposito

1834 5543 1997 5597 venio
2028 5544 2094 5599 ad
2140 5544 2436 5600 Ecclesiam
2473 5548 2793 5603 catholicam
2846 5560 2992 5605 recte
3042 5552 3416 5606 sentientium.

1836 5634 2013 5691 Credo
2039 5638 2091 5691 in
2129 5654 2290 5692 unum
2328 5637 2494 5693 Deum
2531 5638 2747 5697 Patrem
2779 5646 3204 5712 omnipotentem
3247 5643 3417 5699 facto-

1838 5743 1950 5782 rem
1982 5730 2103 5784 cmli
2145 5740 2198 5785 ct
2237 5740 2414 5786 teme.
2455 5732 2707 5789 Dicataue
2739 5736 2807 5787 ad
2840 5736 2993 5802 ﬁnem
3027 5752 3206 5806 usque.
3240 5735 3415 5791 Unam

1843 5834 1972 5876 vero
2004 5833 2252 5878 naturam
2292 5825 2343 5881 in
2386 5836 2573 5883 sancta
2623 5825 2887 5883 Trinitate
2920 5829 3185 5883 cooﬁtcor
3217 5847 3230 5883 :
3271 5838 3326 5883 at
3360 5829 3412 5883 in

3016 5921 3087 5982 4υ
