4194 6444
274 338 407 405 1261

1465 344 1564 411 ΒΕ
1594 346 1855 406 'REBUS
1896 344 2286 404 ARMENl/H.

3391 356 3529 421 1262

274 452 331 503 δὲ
357 452 451 504 καὶ
481 453 580 521 τὴν
617 454 894 523 ἑϐδομάδα
918 458 1016 526 τῆς
1038 459 1367 527 Τυροφάγου
1398 462 1555 529 κρέα,
1581 460 1843 525 ἀνάθεμα.

1959 470 2200 514 mentum
2251 472 2319 537 et
2350 462 2453 524 sal,
2486 477 2586 516 nec
2635 477 2831 530 aquam
2863 481 2982 520 cum
3015 468 3063 520 vi
3092 483 3143 521 ιο
3180 468 3235 522 in
3287 482 3529 525 sant-turn

274 544 341 595 ιὶῑ
365 562 446 605 τις
470 545 614 613 λέγει
646 549 729 599 ὅτι
756 550 787 618 ἡ
816 550 1131 619 λειτουργία
1169 553 1263 605 καὶ
1289 554 1322 622 ὴ
1352 554 1606 605 κοινωνία
1630 556 1695 623 τῇ
1718 552 1849 623 ἁγίᾳ

271 632 701 703 Τεσσαρακοστῇ
750 638 807 687 ἐν
856 638 1202 709 καθημερινῇ
1237 641 1483 709 ἁμαρτία
1537 641 1706 701 ἐστὶν,
1756 643 1847 692 καὶ

269 722 331 774 ὲν
365 722 631 795 Σαϐϐάτῳ
658 728 753 780 καὶ
782 730 1035 800 κυριακῇ
1064 732 1235 784 ἐσθίει
1266 731 1406 798 γάλα
1434 733 1528 786 καὶ
1555 731 1683 796 ὠὸν,
1715 735 1847 787 ἀνά-

268 812 438 880 θεμα.
475 816 541 868 Εἴ
573 835 658 880 τις
701 822 762 872 οὐ
804 820 986 889 βάλλει
1040 825 1119 885 είς
1153 824 1253 895 τὴν
1300 827 1618 897 προσφορὰν
1668 828 1848 897 ζύμην

267 906 366 959 καὶ
400 906 555 973 ἃλας,
593 911 714 963 οὐδὲ
762 911 825 982 [Γ.
858 914 1007 968 deest
1053 916 1197 986 ὕδωρ
1244 916 1349 990 εἰς]
1393 920 1551 987 ἅγιον
1587 922 1847 990 ποτήριον

271 997 415 1063 μετά
482 999 577 1051 τοῦ
614 1001 779 1061 οἴνου,
812 1003 1081 1072 ἀνάθεμα.
1130 1007 1196 1059 Εἰ
1222 1025 1303 1068 τις
1352 1009 1412 1061 ού
1453 1012 1597 1062 ποιεῖ
1640 1012 1719 1073 είς
1750 1010 1847 1073 τὰς

266 1090 347 1137 κε’
385 1088 635 1159 Μαρτίου
667 1093 759 1144 τὸν
794 1094 1239 1164 Εὑαγγελισμὸν,
1268 1098 1363 1150 καὶ
1403 1100 1483 1162 είς
1513 1099 1611 1160 τάς
1647 1106 1723 1152 κε’
1746 1101 1845 1151 Δε-

267 1176 536 1247 κεμϐρίου
568 1183 736 1250 μηνὸς
762 1184 854 1253 τὴν
877 1185 971 1237 τοῦ
1000 1188 1234 1257 Χριστοῦ
1262 1189 1541 1259 Γέννησιν,
1573 1192 1843 1260 ἀνάθεμα.

263 1268 331 1320 Εἰ
360 1269 416 1321 δὲ
453 1274 579 1340 μεθ’
612 1275 954 1345 ὑποκρίσεως
991 1281 1164 1334 ταῦτά
1198 1299 1360 1352 φημι,
1399 1284 1490 1336 καὶ
1524 1284 1624 1335 οὐκ
1659 1286 1723 1336 ἐκ
1758 1285 1846 1337 πί-

264 1377 440 1427 στεως
468 1365 734 1437 όλοψύχου
774 1372 866 1423 καὶ
884 1374 1131 1442 καρδίας,
1163 1375 1260 1427 καὶ
1289 1376 1413 1444 ἄρτι
1446 1377 1544 1445 μὲν
1571 1377 1843 1447 σχηματί-

263 1452 433 1520 ζομαι
487 1462 741 1525 γενέσθαι
781 1464 1084 1533 ὀρθόδοξος,
1121 1466 1351 1537 ὕστερον
1396 1468 1451 1521 δὲ
1506 1468 1715 1539 θελήσω
1746 1470 1846 1540 ἀρ·

262 1546 535 1613 νήσασθαι
576 1554 666 1605 καὶ
714 1554 1052 1625 ὑποστρέψαι
1102 1558 1239 1627 πρὸς
1284 1559 1383 1628 τὴν
1421 1559 1697 1629 προτέραν
1740 1577 1843 1630 μου

262 1636 502 1707 αἳρεσιν,
534 1644 633 1695 καὶ
669 1646 882 1714 εὑρεθῶ
913 1650 1293 1720 σῡνεορτάζων
1322 1652 1353 1721 ἢ
1399 1652 1700 1705 συνεσθίων
1731 1656 1845 1716 τοῖς

277 1728 607 1798 Ἀρμενίοις,
642 1735 673 1806 ἦ
715 1740 1025 1808 συνομιλῶν
1060 1744 1174 1805 τοῖς
1210 1743 1571 1807 ’1ακω6ίταις,
1606 1743 1840 1817 λάτραῆ

263 1824 538 1894 φανερῶς,
569 1830 662 1880 καὶ
699 1831 819 1901 οὐχ).
856 1833 1059 1901 μᾶλλον
1104 1836 1312 1906 ἐλέγχω
1352 1836 1573 1900 τούτους
1613 1838 1707 1890 καὶ
1742 1838 1842 1907 τὴν
1876 1826 1916 1880 Β

263 1913 469 1967 τούτων
517 1919 752 1988 αἳρεσιν,
789 1923 885 1976 νῦν
915 1926 1014 1994 μὲν
1044 1927 1190 1979 ἔλθοι
1232 1928 1319 1981 ἐπ’
1346 1912 1451 1998 ἐμὲ
1487 1932 1638 1982 πᾶσα
1672 1931 1704 1998 ἡ
1750 1946 1845 1983 κα-

262 2006 424 2076 τάρα.
461 2012 555 2062 καὶ
579 2014 607 2064 6
634 2014 836 2083 τρόμος
864 2016 956 2070 τοῦ
987 2019 1147 2083 Κάῖν,
1191 2023 1284 2073 καὶ
1314 2021 1555 2091 ὴ.λέπρα
1584 2020 1681 2073 τοῦ
1726 2022 1845 2073 Γιε-

262 2097 353 2166 ζῆ.
387 2101 522 2169 πρὸς
547 2105 608 2156 τὸ
640 2111 735 2159 καὶ
777 2112 897 2175 ταῖς
936 2115 1151 2176 ποιναῖς
1192 2115 1303 2167 τῶν
1333 2116 1632 2169 πολιτικῶν
1666 2115 1848 2186 νόμων

1958 553 2203 614 calicem,
2238 554 2522 607 anathema
2557 554 2647 608 sil.
2680 554 2736 607 Si
2767 556 2886 623 quis
2909 573 3011 610 non
3041 560 3281 612 cvlchrat
3312 561 3534 612 Annua-

1958 642 2234 695 tiatinnem
2257 644 2325 697 ‘25
2351 643 2549 705 Martii,
2575 655 2627 697 et
2650 645 2720 697 25
2747 647 2953 701 mensis
2980 646 3295 704 Decembris
3325 651 3529 705 Christi

1957 733 2167 797 Natale,
2210 738 2495 790 anathema
2550 737 2639 791 sit.
2674 736 2828 803 Quod
2875 739 2918 791 si
2958 754 3079 791 cum
3116 742 3381 807 hypocrisi
3420 742 3534 795 htee

1958 828 2265 896 pronuntio,
2322 843 2429 883 non
2491 846 2618 884 vero
2674 830 2922 895 ﬁdeliter,
2963 841 3180 900 totoque
3241 836 3421 886 animo
3479 845 3533 887 et

1955 920 2159 973 eorde:
2195 930 2358 988 atque
2374 935 2516 974 nunc
2547 922 2761 988 quidem
2794 922 2991 976 sintqu
3029 922 3141 975 ﬁeri
3173 923 3529 981 orthodoxus.

1956 1020 2139 1079 postea
2176 1027 2305 1066 vero
2333 1012 2554 1065 voluero
2585 1014 2854 1083 abnegare
2883 1029 2944 1067 ac
2976 1016 3170 1067 reverti
3199 1014 3266 1069 ad
3294 1016 3526 1084 priorem

1958 1121 2128 1160 meam
2174 1107 2445 1170 hmresim,
2481 1107 2841 1175 inventusque
2875 1107 3026 1161 fuero
3052 1125 3152 1160 ttua
3183 1124 3305 1163 cum
3340 1110 3535 1161 Arme-

1956 1199 2060 1251 niis
2104 1198 2240 1252 lesta
2289 1198 2569 1252 celebrans
2613 1210 2705 1252 aut
2755 1200 2934 1253 cibum
2988 1216 3229 1261 sumens,
3277 1200 3357 1252 vel
3404 1214 3536 1251 con-

1956 1303 2213 1344 suescens
2279 1305 2402 1343 cum
2449 1288 2733 1354 Jacohitis,
2775 1293 2888 1345 sive
2934 1291 3071 1344 clam
3122 1293 3235 1347 sive
3285 1291 3529 1360 publica;

1953 1397 2063 1436 non
2101 1392 2278 1435 autent
2318 1383 2497 1449 potius
2537 1385 2864 1451 redarguere
2909 1384 3031 1439 illos
3064 1384 3385 1449 illornmque
3425 1386 3531 1435 hrn-

1955 1476 2152 1527 rcsim:
2190 1477 2240 1527 in
2276 1477 2376 1528 hac
2409 1477 2623 1541 quidem
2655 1480 2759 1531 vita
2794 1479 3013 1531 veniant
3046 1493 3212 1547 super
3238 1492 3320 1530 me
3344 1492 3534 1529 omnes

1953 1565 2103 1627 dirze.
2133 1576 2335 1621 tremor
2388 1569 2537 1623 Caini
2570 1579 2621 1621 et
2671 1570 2816 1639 lepra
2870 1570 3068 1638 Giezis,
3103 1582 3297 1641 praeter
3349 1585 3534 1641 pteuas

1954 1657 2128 1725 legum
2164 1659 2424 1723 civilium,
2465 1659 2661 1729 quibus
2686 1662 2963 1729 subjiciar.
2994 1677 3093 1716 nec
3126 1662 3327 1730 possim
3381 1675 3533 1712 asse—

1954 1751 2045 1819 qui
2082 1752 2450 1817 impunitatem
2491 1771 2503 1808 :
2541 1756 2594 1808 in
2625 1753 2805 1807 futuro
2835 1768 3015 1809 autem
3060 1755 3258 1809 saeculo
3290 1754 3359 1807 sit
3402 1753 3530 1805 mihi

1953 1844 2242 1897 anathema
2272 1854 2324 1899 et
2375 1847 2707 1908 catatheun.
2744 1863 2969 1914 meaque
3005 1850 3182 1901 anima
3236 1848 3533 1900 collocetur

1953 1950 2073 1988 cum
2107 1934 2305 1990 Sataua
2338 1944 2391 1991 et
2423 1937 2781 1993 dmmonibus.
2820 1938 3044 1993 Cunctis
3086 1940 3357 1993 ltazreticis
3392 1954 3529 1991 ana-

1954 2026 2151 2081 thema.
2211 2027 2276 2082 Et
2327 2039 2488 2098 caput
2545 2030 2837 2083 inclinante
2890 2046 2954 2085 eo
3016 2031 3105 2101 qui
3171 2033 3527 2094 convertitur,

1955 2120 2394 2187 archiepiscopus
2424 2123 2723 2176 orationem
2762 2123 2891 2176 facit
2928 2122 3014 2177 his
3049 2124 3228 2177 verbis
3268 2140 3281 2175 :

262 2187 408 2245 εἷναί
438 2212 503 2263 με
542 2199 844 2255 ὑπεύθυνον
876 2205 1303 2279 ἀπαραιτήτως*
1337 2211 1483 2267 κατά
1518 2212 1577 2266 δὲ
1634 2214 1728 2268 τὸν
1788 2212 2057 2284 μέλλοντα
2092 2216 2289 2281 αἰῶνα,
2331 2218 2417 2285 εἴη
2465 2236 2553 2288 μοι
2602 2220 2853 2289 ἀνάθεμα
2893 2220 2991 2272 καὶ
3050 2220 3364 2289 κατάθεμα,
3437 2218 3530 2271 καὶ

263 2292 297 2357 ἡ
328 2292 474 2363 ψυχή
513 2314 617 2364 μου
647 2301 873 2375 ταχθείη
913 2308 1054 2375 μετά
1083 2308 1179 2362 τοῦ
1249 2311 1472 2365 Σατανᾶ
1539 2312 1636 2365 καὶ
1699 2312 1808 2365 τῶν
1834 2312 2130 2382 δαιμόνων.
2172 2315 2316 2368 [ἰᾶσι
2357 2316 2470 2379 τοῖς
2512 2316 2813 2385 αἰρετικοῖς
2847 2315 3120 2386 ἀνάθεμα.
3167 2316 3276 2368 Καὶ
3323 2315 3533 2367 ἐπικλί-

264 2402 446 2451 νον-τος
475 2393 570 2446 τοῦ
618 2402 1023 2470 μετερχομένου
1078 2405 1177 2476 τὴν
1214 2407 1479 2477 κεφαλὴν,
1522 2408 1551 2461 6
1591 2407 2026 2479 ἀρχιεπίσκοπος
2061 2409 2228 2480 εὐχὴν
2257 2409 2433 2477 λέγων
2459 2409 2632 2472 οὓτως
2664 2411 2739 2480 (a)
2764 2426 2777 2441 '

346 2487 407 2539 '0
435 2489 571 2554 Θεὸς
608 2494 635 2545 6
664 2496 856 2567 Σωτὴρ
892 2500 1053 2569 ἡμῶν
1087 2504 1114 2555 6
1159 2502 1490 2575 βουλόμενος
1521 2506 1736 2570 πάντας
1763 2505 1849 2559 ἀν-

265 2577 520 2668 θρώπους
561 2587 801 2656 σωθῆναι
838 2592 931 2644 καὶ
985 2594 1069 2655 είς
1115 2598 1420 2665 ἐπίγνωσιν
1464 2599 1726 2668 ἀληθείας
1762 2601 1850 2652 ἐλ-

264 2667 398 2735 θεῖν,
434 2674 726 2743 πρόσδεξαι
758 2679 850 2732 τὸν
891 2682 1080 2737 δοῦλόν
1114 2701 1211 2739 σου
1240 2689 1393 2741 τόνδε
1440 2667 1595 2759 μόλις
1641 2692 1843 2760 ἀνανή-

262 2760 439 2829 ψαντα
481 2766 547 2819 ὲκ
594 2770 694 2837 τῆς
726 2773 957 2841 πλάνης,
1000 2778 1097 2830 καὶ
1150 2781 1567 2851 ὲπιποθήσαντα
1612 2784 1693 2848 εἰς
1745 2783 1845 2851 τὴν

270 2854 573 2922 ἐπίγνωσιν
602 2861 781 2915 ἐλθεῖν
813 2867 911 2933 τῆς
954 2869 1238 2939 ἀληθείας.
1270 2873 1342 2924 Σὺ
1369 2874 1479 2943 γάρ
1502 2870 1683 2940 εἴπας,
1730 2877 1845 2929 Κύ-

266 2964 384 3039 ριεο
424 2968 442 2999 ι
480 2952 587 3004 Καὶ
625 2954 760 3008 ἄλλα
812 2959 1063 3026 πρόϐατα
1091 2962 1219 3031 ἔχω,
1260 2963 1295 3017 ἃ
1344 2966 1444 3019 οὐκ
1476 2966 1621 3019 ἔστιν
1651 2970 1715 3021 ὲκ
1748 2968 1851 3039 τῆς

264 3038 434 3108 αὐλῆς
500 3044 735 3113 ταύτης·
775 3055 1005 3105 κακεῖνά
1059 3072 1124 3122 με
1159 3056 1241 3108 δεῖ
1298 3059 1549 3126 ἀγαγεῖν,
1598 3062 1691 3114 καὶ
1748 3063 1849 3132 τῆς

264 3133 454 3223 φὶυνῆς
486 3152 588 3200 μου
621 3139 938 3204 ἀκούσουσι,
974 3147 1064 3196 καί
1102 3150 1395 3217 γενήσεται
1451 3151 1550 3220 μία
1615 3153 1842 3223 ποίμνη,

2026 2506 2165 2559 Deus
2185 2505 2434 2560 Salvator
2455 2516 2659 2569 noster,
2690 2507 2778 2573 qui
2811 2514 3037 2561 cunctos
3062 2505 3311 2560 homines
3334 2506 3529 2560 salvari

1949 2596 2052 2658 vis,
2090 2605 2142 2649 et
2168 2597 2232 2651 ad
2267 2598 2598 2666 agnitionem
2630 2598 2880 2653 veritatis
2917 2599 3132 2653 venire:
3170 2600 3384 2666 suscipe
3408 2614 3529 2653 ser-

1948 2700 2072 2739 vum
2113 2697 2260 2740 tuum
2290 2688 2449 2753 hunc,
2490 2688 2581 2757 qui
2611 2687 2698 2741 vix
2746 2687 2966 2741 tandem
3002 2703 3066 2742 ex
3113 2702 3300 2743 errore
3339 2690 3532 2759 resipi-

1949 2779 2070 2841 scit,
2101 2779 2301 2845 quiqne
2334 2778 2610 2833 desiderat
2642 2778 2709 2832 ad
2741 2778 3072 2848 agnitionem
3099 2778 3347 2833 veritatis
3378 2795 3533 2835 accc-

1946 2871 2093 2924 dcre.
2135 2869 2213 2923 Tu
2255 2870 2396 2924 enim
2453 2870 2666 2932 dixisti,
2720 2868 2947 2924 Domine
2988 2886 3004 2923 :
3039 2888 3056 2920 ι
3097 2868 3163 2924 Et
3211 2871 3345 2926 alias
3400 2887 3531 2926 ovcs

1948 2962 2144 3025 habeo,
2170 2977 2289 3031 quae
2321 2978 2427 3016 non
2458 2970 2585 3016 sunt
2616 2976 2683 3017 ex
2717 2963 2821 3016 hoc
2857 2962 3021 3016 ovili:
3054 2971 3110 3017 et
3159 2962 3277 3016 illas
3311 2976 3528 3033 oportet
3584 2990 3589 2996 ~

1949 3069 2033 3109 me
2061 3055 2360 3119 adducere;
2390 3065 2445 3107 et
2474 3069 2660 3110 vocem
2692 3069 2862 3108 meam
2897 3055 3137 3117 audient,
3158 3063 3212 3108 et
3249 3056 3337 3110 ﬁet
3360 3073 3523 3109 uutnu

1942 3145 2083 3201 ovile
2116 3156 2171 3202 et
2194 3162 2334 3201 ttnns
2366 3146 2742 3218 pastor(Joan.
2762 3145 2968 3215 x,16).t
2993 3146 3159 3200 Pasce
3180 3149 3358 3216 itaque
3380 3149 3525 3202 ilium

263 3211 344 3280 εἷς
375 3224 615 3293 ποιμήνο
664 3246 681 3277 ι
730 3229 1003 3298 Ποίμανον
1043 3211 1231 3288 τοίνυν
1270 3211 1462 3292 αὑτὸν.
1493 3243 1551 3293 ἐν
1598 3247 1663 3313 τῇ
1714 3211 1843 3314 δόξῇ

1950 3240 2003 3293 in
2038 3240 2285 3294 doctrina
2318 3248 2429 3300 tua.
2460 3240 2513 3294 itt
2553 3239 2886 3310 agnitionem
2930 3240 3178 3295 veritatis
3219 3251 3345 3307 tum,
3372 3242 3524 3310 juxta

265 3328 359 3365 σου
393 3318 471 3378 εἰς
512 3318 810 3386 ἐπίγνωσιν
837 3326 936 3392 τῆς
975 3328 1073 3392 σῆς
1115 3330 1394 3397 ἀληθείας,
1440 3336 1583 3386 κατά
1619 3337 1718 3404 τὴν
1749 3337 1842 3389 ἔκ-

264 3404 417 3457 θεσιν
460 3408 565 3462 τῶν
608 3413 782 3478 ἁγίων
832 3432 927 3468 σου
962 3419 1055 3471 καὶ
1104 3422 1334 3486 ἐνδόξων
1366 3425 1713 3480 ιίιττοστόλων⁸
1752 3430 1845 3483 καὶ

264 3497 604 3560 καταξίωσον
649 3504 815 3556 αὑτὸν
848 3505 948 3569 τῆς
992 3514 1288 3579 σφραγῖδος
1331 3514 1425 3565 τοῦ
1473 3516 1623 3567 θείου
1665 3518 1840 3589 μύρου

264 3591 355 3641 καὶ
382 3590 482 3658 τῆς
518 3595 873 3664 μεταλήψεως
901 3599 995 3650 τοῦ
1028 3603 1213 3668 τιμίου
1254 3603 1508 3673 σώματος
1538 3610 1630 3661 καὶ
1671 3612 1837 3680 αἵμα-

262 3698 372 3743 τος,
412 3686 505 3736 καὶ
533 3686 815 3750 ἀνάδειξον
843 3692 1007 3743 αὑτὸν
1039 3694 1242 3747 τέλειον
1272 3697 1456 3749 δοῦλόν
1492 3718 1589 3753 σου
1612 3718 1624 3733 ο
1659 3703 1745 3756 ἵνα
1771 3708 1837 3773 τῇ

264 3770 472 3841 ποίμνῃ
515 3791 608 3825 σου
659 3779 1160 3851 συγκαταριθμηθῇ
1201 3785 1294 3834 καὶ
1340 3786 1525 3851 αὐτὸς,
1566 3788 1644 3851 είς
1682 3790 1842 3856 δόξαν

261 3861 358 3911 καὶ
382 3861 605 3915 ἔπαινον
641 3866 739 3933 τῆς
783 3872 1183 3942 μεγαλωσύνης
1220 3890 1345 3925 σου·
1387 3876 1468 3928 ὅτι
1506 3877 1599 3929 σοῦ
1629 3879 1835 3950 ὲστὶνὴ

261 3952 508 4021 βασιλεία
530 3960 623 4008 καὶ
656 3960 686 4025 ἠ
719 3958 967 4028 δύναμις,
998 3962 1201 4029 suam.
1256 3964 1363 4015 Καὶ
1391 3965 1534 4034 χρίει
1562 3967 1727 4019 αὐτὸν
1761 3968 1839 4038 τῷ

262 4045 443 4116 μύρῳ,
482 4048 625 4100 καθὰ
657 4052 903 4114 καὶτοὺς
938 4056 1352 4122 νεοφωτίστους,
1395 4058 1495 4129 τὴν
1541 4060 1709 4129 αὐτὴν
1756 4064 1843 4113 ὲν-

1947 3339 2256 3384 sauctorutn
2314 3331 2781 3401 gloriosorumque
2862 3341 3076 3385 tuorum
3156 3333 3521 3401 apostolorum

1947 3422 2342 3489 expositionem
2376 3433 2471 3477 :et
2495 3424 2695 3492 largire
2740 3424 2814 3477 illi
2847 3424 3189 3493 signaculum
3221 3424 3391 3479 divini
3428 3443 3529 3479 un-

1945 3515 2149 3582 gucnti,
2199 3529 2263 3569 ac
2304 3517 2667 3582 sumptionem
2692 3516 2915 3586 pretiosi
2950 3517 3196 3586 corporis
3224 3526 3278 3572 et.
3309 3521 3529 3587 sangui-

1946 3607 2078 3661 nis:
2114 3618 2167 3660 et
2210 3606 2293 3661 fac
2325 3608 2475 3662 illum
2521 3610 2819 3679 perfectum
2871 3626 3085 3665 servum
3144 3620 3326 3674 tuum,
3364 3623 3419 3665 ut
3473 3622 3526 3665 et

1945 3696 2060 3763 ipse
2093 3698 2221 3751 ovili
2262 3708 2352 3753 tuo
2382 3711 2833 3766 counumeretttr,
2860 3702 2912 3755 in
2963 3702 3187 3772 gloriam
3223 3712 3277 3757 et
3309 3702 3521 3757 laudem

1945 3788 2244 3858 maiestatis
2275 3800 2397 3847 tuae.
2437 3792 2702 3847 Exclam.:
2732 3793 2868 3861 Quia
2914 3805 3063 3848 tuum
3101 3803 3183 3849 est
3215 3808 3442 3865 regnum
3474 3803 3528 3848 et

1948 3881 2137 3937 virtus.
2167 3882 2410 3955 Etzungit
2438 3902 2560 3940 eum
2592 3886 2891 3942 chrismate
2950 3902 3045 3943 seu
3103 3897 3396 3957 unguento,
3426 3889 3530 3942 sic-

1950 3984 2009 4027 ut
2056 3984 2109 4029 et
2181 3991 2370 4031 recens
2418 3977 2788 4043 illuminatos,
2845 3981 3094 4035 eamdem
3146 3980 3527 4036 caeretnoniam

1951 4065 2175 4123 faciens.
2214 4070 2290 4125 Ac
2322 4070 2515 4126 iterum
2561 4081 2815 4140 precatur
2846 4076 2928 4130 sic
2965 4092 2979 4129 :

257 4142 493 4209 τήρησιν
520 4140 840 4213 [ἐπίρρησιν
865 4143 1183 4219 Eucholog.]
1219 4150 1541 4219 ποιούμενος
1564 4169 1578 4183 ·
1613 4154 1708 4205 καὶ
1738 4154 1901 4207 πάλιν
1939 4156 2238 4229 ἐπεύχεται
2273 4159 2447 4226 οὕτως
2467 4177 2484 4193 ⁸

334 4233 504 4302 Κύριε
539 4236 567 4285 6
594 4235 725 4293 Θεὸς
755 4237 935 4304 ἡμῶν,
990 4241 1017 4289 ὀ
1066 4240 1415 4304 καταξιώσας
1451 4244 1658 4298 τέλειον
1708 4246 1841 4297 ἁνα-

256 4327 430 4391 δεῖξαι
471 4328 560 4379 τὴν
583 4326 771 4379 δοῦλόν
792 4345 884 4381 σου
911 4330 1081 4390 τόνδε,
1106 4332 1194 4385 διὰ
1220 4334 1317 4403 τῆς
1350 4336 1429 4397 είς
1459 4337 1517 4389 σὲ
1550 4339 1839 4407 ὁρθοδόξου

256 4422 517 4482 πίστεως,
559 4422 651 4474 καὶ
701 4422 799 4489 τῆς
839 4426 1135 4493 σφραγῖδος
1169 4428 1263 4480 τοῦ
1298 4428 1475 4498 μύρου
1521 4432 1617 4485 τοῦ
1673 4435 1834 4502 ἁγίου

257 4530 375 4573 σου,
408 4514 652 4567 Δέσποτα
693 4516 802 4567 τῶν
842 4518 1122 4583 ἁπάντων,
1160 4520 1259 4590 τὴν
1305 4526 1385 4587 είς
1442 4526 1499 4577 σὲ
1538 4526 1711 4597 ἀληθῆ
1746 4531 1836 4581 πί-

258 4624 375 4658 στιν
412 4609 469 4658 ὲν
518 4608 667 4678 αὐτῷ
702 4610 1067 4681 διατήρησον·
1100 4613 1283 4677 αὔξων
1328 4618 1493 4669 αὐτὸν
1541 4620 1600 4671 ἐν
1630 4620 1834 4674 δικαιο-

256 4699 415 4769 σύνῃ,
451 4702 545 4753 καὶ
581 4704 715 4755 πᾶσι
755 4705 866 4764 τοῖς
913 4705 1065 4774 παρᾶ
1126 4706 1220 4758 σού
1268 4712 1566 4779 χαρίσμασι
1601 4733 1835 4768 κατακο-

2022 4250 2247 4307 Domine
2282 4254 2420 4309 Deus
2456 4264 2660 4323 noster,
2720 4258 2813 4327 qui
2862 4258 3161 4326 perfectum
3216 4260 3532 4317 renuntiare

1947 4352 2162 4394 servum
2209 4350 2359 4396 tuum
2413 4344 2623 4400 huncce
2677 4360 2775 4414 per
2802 4348 3155 4403 orthodoxam
3186 4350 3237 4403 in
3287 4360 3337 4406 te
3369 4351 3527 4405 (idem

1948 4441 2002 4484 et
2042 4432 2214 4488 sancti
2252 4435 2327 4489 tui
2356 4439 2611 4506 unguenti
2641 4439 2975 4509 signaculum
3022 4442 3274 4510 dignatus
3304 4459 3397 4499 es:
3429 4445 3529 4499 Do-

1946 4519 2094 4576 mine
2116 4524 2375 4589 omnium,
2401 4542 2586 4580 veram
2616 4543 2741 4598 erga
2788 4538 2840 4585 te
2885 4530 3040 4585 ﬁdem
3086 4533 3135 4585 in
3173 4532 3260 4585 illo
3291 4535 3526 4593 custodi.

1947 4626 2271 4680 promovens
2304 4632 2426 4671 euut
2482 4622 2531 4671 in
2573 4622 2809 4689 jttstitia.
2849 4633 2901 4676 et
2953 4624 3203 4677 munibus
3238 4640 3358 4693 quae
3408 4640 3435 4678 a
3480 4638 3529 4679 te

1945 4705 2195 4760 oriuntur
2230 4708 2650 4765 chat-isutatiluts
2675 4714 2942 4783 donisque
2972 4730 3195 4767 exorna.
3227 4715 3313 4770 Sic
3347 4728 3528 4786 postea

258 4793 435 4861 σμῶν.
473 4790 592 4846 Εἴθ’
622 4794 794 4859 οὕτως
820 4794 1093 4867 [κοινωνεῖ
1130 4817 1192 4853 ex
1253 4800 1565 4877 (inc/tolog.|
1602 4827 1836 4863 κατακοο

1949 4801 2322 4854 commtmicat.
2394 4803 2456 4857 Et
2494 4806 2582 4871 qui
2630 4818 2820 4861 saneto
2873 4819 3145 4876 unguento
3184 4812 3530 4879 consignatus

258 4888 500 4955 σμεῖται.
522 4888 631 4940 Καὶ
658 4888 932 4956 λαμϐάνει
960 4893 988 4944 6
1020 4892 1097 4961 τῷ
1120 4894 1261 4963 ἁγίῳ
1283 4896 1438 4965 μύρῳ
1477 4901 1837 4969 σςραγισθεὶς

256 4979 639 5049 παραγγελίαν
672 4983 794 5045 ταῖς
828 4982 969 5035 ἑπτὰ
1015 4987 1253 5057 ἡμέραις
1292 4991 1528 5051 ἐκείναις
1574 4994 1708 5061 κρέα
1761 4996 1835 5065 μὴ

254 5072 475 5137 φαγεῖν,
532 5072 667 5141 μηδὲ
717 5074 978 5143 νίψασθαι
1036 5076 1138 5146 τὴν
1185 5080 1328 5148 ὄψιν,
1371 5082 1506 5134 ἀλλὰ
1552 5083 1733 5148 καθὼς
1786 5090 1834 5139 οἱ

258 5161 671 5231 βαπτιζόμενοι,
702 5163 845 5219 οὕτω
886 5166 1155 5222 διατελεῖν
1182 5188 1196 5201 ·
1231 5176 1322 5226 καὶ
1366 5175 1429 5243 τῇ
1458 5173 1619 5247 ὀγδόῃ
1650 5178 1833 5250 ἡμέρα

251 5254 606 5312 ἁπολούεται.

338 5348 471 5402 ’Λπὺ
530 5351 631 5419 τῆς
675 5351 836 5418 άγίας
884 5354 977 5407 καὶ
1031 5358 1420 5426 οἰκουμενικῆς
1471 5361 1692 5414 συνόδου
1727 5364 1838 5418 τῶν

252 5448 358 5511 τιη¹
384 5443 558 5509 ἀγίων
598 5447 861 5517 Πατέρων
903 5451 1013 5501 τῶν
1066 5452 1123 5502 ὲν
1176 5451 1385 5522 Νικαίᾳ
1416 5454 1509 5506 καὶ
1544 5455 1705 5525 μέχρι
1736 5459 1835 5528 τῆς

258 5535 421 5599 ἁγίας
459 5538 553 5589 καὶ
582 5538 973 5610 οἰκουμενικῆς
1012 5544 1235 5596 συνόδου
1268 5544 1379 5596 τῶν
1421 5547 1481 5598 ἐν
1529 5548 1834 5619 Χαλκηδόνι

255 5626 359 5697 XX,
389 5629 444 5680 αἱ
484 5631 856 5698 προλαϐοῦσαι
890 5635 948 5687 αἱ
986 5636 1143 5703 ἅγιαι
1180 5636 1273 5689 καὶ
1294 5639 1677 5708 οἰκουμενικαὶ
1709 5642 1834 5696 σύν-

331 5789 406 5855 (α)
444 5790 638 5843 Dccssc
672 5801 799 5860 puto
837 5795 997 5854 ποιεῖ,
1040 5792 1346 5863 ΙίιιτΙιοίοσὶἱ
1376 5810 1425 5862 p.
1458 5795 1578 5849 83L

1949 4891 2046 4944 fuit
2085 4894 2280 4963 accipit
2309 4898 2620 4950 mandatum
2670 4908 2726 4952 ut
2752 4909 2955 4970 septem
2998 4902 3100 4955 illis
3122 4902 3314 4956 diebus
3336 4918 3530 4957 carnes

1946 5000 2048 5038 non
2082 4991 2549 5059 comedat,tthue
2570 4992 2777 5045 vultum
2820 4996 2979 5057 lavet,
3022 4996 3115 5048 sed
3161 4997 3303 5049 sicut
3347 4996 3525 5064 bapti-

1943 5078 2071 5144 zati,
2108 5079 2178 5134 ita
2229 5097 2543 5149 permaneat
2587 5103 2599 5137 :
2635 5096 2795 5154 atque
2840 5098 3031 5139 octavo
3073 5088 3159 5139 die
3199 5088 3454 5141 abluitur.

2014 5367 2055 5421 A
2088 5382 2277 5426 sancto
2328 5384 2381 5427 et
2434 5374 2725 5431 universali
2774 5378 3004 5431 concilio
3054 5388 3367 5432 sanctorum
3420 5379 3526 5431 318

1944 5458 2160 5514 Patrum
2209 5462 2420 5529 Nicaem,
2469 5481 2640 5536 usque
2696 5468 2761 5522 ad
2817 5478 3063 5522 sanctum
3121 5479 3173 5523 et
3220 5468 3525 5521 universale

1941 5553 2232 5607 concilium
2291 5556 2395 5611 650
2447 5556 2798 5614 Chalcedone
2851 5568 3327 5630 congregatarum,
3397 5573 3519 5627 qua:

1940 5647 2268 5704 exstiterunt
2322 5662 2526 5706 sancta:
2574 5666 2638 5706 ac
2698 5655 3048 5708 ωειιιιιιιιιίρςε
3104 5653 3318 5722 synodi,
3379 5653 3518 5704 idem
