4194 6444
695 351 831 415 1263

1768 360 2015 418 ISAACI
2060 360 2432 421 ARMENLE
2474 363 2882 424 C.\TliO[.lCI

3825 372 3965 439 1264

688 466 1008 530 sentientes,
1048 479 1261 519 onmem
1292 467 1625 520 contrariam
1663 482 1999 538 pravamque
2025 470 2266 525 lta'rcsin:

2395 475 2504 527 οἶοι
2548 477 3018 548 ὁμοφρονήσασαι,
3058 481 3239 534 πᾶσαν
3273 484 3524 536 ἐναντίαν
3575 484 3666 537 καὶ
3724 490 3966 555 πονηρὰν

685 557 1031 625 expulerunt,
1072 572 1132 611 ac
1172 566 1376 611 alterno
1434 560 1765 613 anathemati
1812 561 2174 616 tradiderunt.
2219 563 2273 616 in

686 656 884 720 quibus
928 662 981 707 et
1009 664 1231 707 sanctus
1271 654 1602 721 numincqne
1635 654 1844 708 afﬂatus
1880 654 2043 710 Pater
2090 671 2275 713 nosmr

687 745 979 815 Gregorius
1025 760 1229 813 magnae
1249 747 1285 797 Α
1300 746 1537 808 rmcnia',
1556 748 1831 801 ordinatus
1855 750 1905 801 in
1930 750 2271 803 sanctissima

687 839 968 905 metropoli
1001 838 1286 904 Caesareae,
1320 839 1539 893 decreta
1581 851 1633 893 et
1680 856 1921 897 canones
1969 844 2169 912 posuit,
2205 858 2270 895 ne

688 947 897 999 magna:
952 931 1221 986 Armeniae
1274 934 1529 1003 episcoito
1590 932 1751 987 liceat
1802 935 1929 989 alibi
2000 936 2269 996 ordinari,

684 1037 848 1091 quam
901 1023 1042 1093 apud
1098 1023 1513 1077 Cresariensiorn
1568 1026 1855 1080 ecclesiam
1895 1044 1907 1080 :
1941 1036 1995 1082 et
2037 1029 2108 1081 ita
2153 1037 2273 1097 post

685 1115 924 1169 divinum
959 1114 1173 1171 Patrem
1223 1126 1467 1169 nostrum
1512 1116 1860 1187 Gregorium,
1893 1119 1985 1173 alii
2026 1121 2268 1190 episcopi

680 1215 806 1259 octo
863 1208 1120 1275 deinceps
1171 1208 1407 1260 ordinati
1462 1218 1611 1263 sunt.
1664 1208 1891 1274 Quando
1950 1221 2154 1276 autem,
2214 1221 2272 1266 ut

681 1298 1002 1366 praedictum
1065 1307 1171 1363 est,
1205 1309 1399 1353 sancta
1451 1300 1687 1371 synodus
1735 1302 1786 1356 in
1842 1300 2047 1370 Spiritu
2080 1316 2271 1361 sancto

680 1396 1005 1461 congregata
1037 1399 1121 1445 est
1151 1390 1513 1455 Chalcedone,
1556 1391 1796 1447 schisma
1830 1394 2075 1449 fecerunt
2106 1407 2160 1449 et
2204 1398 2268 1452 ad

680 1498 808 1538 suas
862 1484 1097 1539 haereses
1139 1483 1507 1539 contulerunt'
1540 1500 1621 1548 se,
1670 1487 1918 1541 Echanes
1950 1489 2036 1541 ille
2088 1492 2177 1558 qui
2218 1501 2272 1544 et

682 1576 1034 1630 Mantacunes
1079 1590 1144 1629 ac
1201 1576 1393 1646 reliqui
1434 1578 1602 1631 totius
1639 1580 1910 1633 Armenia:
1942 1580 2149 1648 profani
2182 1598 2271 1635 sa-

680 1668 951 1722 cerdotes.
974 1667 1241 1722 Caeterum
1265 1670 1518 1740 princeps
1538 1672 1756 1724 malitia:
1788 1686 2012 1740 serpens
2032 1672 2269 1729 inventis

681 1759 963 1827 pravitatis
996 1774 1107 1813 sua:
1146 1761 1523 1816 instrumentis
1578 1762 1839 1817 Dioscorn
1868 1765 2262 1831 Alexandrino,

2380 565 2594 633 αἵρεσιν
2625 568 2953 633 ἀπεδίωξαν,
2998 572 3091 621 καὶ
3131 570 3209 636 τῷ
3246 574 3455 640 αἰωνίῳ
3488 573 3792 640 άναθέματι
3824 590 3965 643 παρ-

2378 658 2664 711 εδώκασιν.
2722 660 2810 711 Ἐν
2842 658 2921 723 οἷς
2958 662 3053 713 καὶ
3090 662 3119 713 6
3146 663 3301 730 ἅγιος
3338 666 3430 715 καὶ
3465 664 3728 732 θεοφὸρῡς
3775 667 3964 734 Πατὴρ

2380 751 2535 819 ἡμῶν
2578 752 2880 822 Γρηγόριος
2918 756 2945 805 ὁ
2976 754 3073 822 τῆς
3108 756 3355 824 μεγάλης
3392 757 3686 826 Ἀρμενίας
3722 776 3967 827 χειροτο-

2378 841 2561 910 νηθεὶς
2596 844 2658 911 τῇ
2707 841 2992 911 ἁγιωτάτῃ
3041 843 3372 912 μητροπόλει
3410 844 3770 911 Καισαρείας,
3803 846 3965 911 ὅρους

2377 938 2471 986 καὶ
2513 936 2743 996 κανόνας
2803 934 2960 988 ἔθετο
3003 936 3097 989 τοῦ
3132 935 3207 1005 μὴ
3243 936 3389 1005 ἔχειν
3435 937 3688 1000 ἐξουσίαν
3723 935 3965 1003 ἀλλαχοῦ

2376 1028 2827 1097 χειροτονηθῆναι
2872 1029 2967 1079 τὸν
3013 1029 3111 1096 τῆς
3146 1029 3393 1097 μεγάλης
3438 1029 3731 1097 ’Λρμενίας
3773 1030 3966 1098 ἀρχιε-

2378 1118 2499 1188 ρέα,
2543 1121 2590 1171 εξ
2654 1118 2729 1189 μὴ
2773 1120 2830 1169 ἐν
2874 1122 2940 1189 τῇ
2981 1119 3247 1189 ἐκκλησία
3294 1119 3407 1170 τῶν
3447 1120 3809 1187 Καισαρέων·
3871 1117 3966 1168 καὶ

2374 1208 2468 1261 ἀπ’
2509 1209 2677 1263 αὑτοῦ
2726 1208 2819 1261 τοῦ
2852 1210 3119 1278 θεοφόρου
3181 1211 3396 1280 Πατρὸς
3436 1212 3594 1279 ἡμῶν
3632 1210 3964 1279 Γρηγορίου,

2374 1296 2552 1366 ἕτεροι
2607 1298 2884 1367 ἀρχιερεῖς
2936 1299 3435 1369 ἐχειροτονήθησαν
3496 1298 3735 1366 καθεξῆς
3792 1296 3961 1349 ὀκτώ.

2376 1390 2504 1441 ’Ὀτε
2536 1390 2615 1452 δὲ,
2657 1391 2729 1453 ὼς
2763 1390 3084 1460 προείρηται
3111 1392 3144 1460 ἠ
3191 1391 3321 1458 ἁγία
3354 1392 3568 1454 σύνοδος
3596 1395 3652 1443 ἐν
3683 1391 3964 1459 Πνεύματι

2376 1481 2518 1551 ἁγίῳ
2560 1481 2928 1551 συνηθροίσθη
2960 1484 3016 1533 ἐν
3051 1484 3378 1551 Χαλκηδόνι,
3411 1485 3720 1552 ἀπέσχισαν
3753 1485 3847 1535 καὶ
3882 1486 3965 1542 εἰς

2376 1573 2513 1633 ἰδίας
2564 1574 2809 1641 αἱρέσεις
2856 1574 3171 1643 ἐχώρησαν,
3220 1577 3247 1626 ὁ
3302 1577 3533 1646 Ἐχάνης
3566 1578 3777 1638 ἐκεῖνος
3806 1578 3837 1626 ὁ
3866 1577 3964 1626 καὶ

2372 1660 2777 1726 Μαντακουνῆς
2810 1663 2925 1728 ἅμα
2980 1663 3090 1713 τῶν
3145 1663 3351 1715 λοιπῶν
3396 1667 3631 1735 ἀνιέρων
3682 1670 3779 1735 τῆς
3829 1666 3961 1735 ὅλης

2386 1752 2700 1821 Ἀρμενίας.
2739 1752 2934 1821 Εὑρὼν
2963 1755 3017 1806 δὲ
3048 1756 3075 1806 ὁ
3114 1756 3431 1826 ἀρχέκακος
3464 1758 3586 1824 ὄφις
3618 1759 3821 1824 ὄργανα
3861 1761 3962 1825 τῆς

680 1852 842 1907 Petro
896 1854 1261 1920 Antiocheno,
1317 1867 1370 1911 et
1438 1857 1790 1910 Monothclita
1850 1857 2117 1927 Eutyche,
2173 1864 2263 1928 qui

2376 1844 2544 1897 αὑτοῦ
2578 1848 2881 1915 σκαιωρίας
2918 1847 3212 1919 Διόσκορον
3241 1850 3332 1903 τὸν
3382 1850 3816 1921 Ἀλεξανδρείας,
3865 1854 3964 1904 καὶ

678 1946 887 2014 expulsi
919 1957 973 2001 et
1024 1950 1366 2001 anathemate
1390 1950 1632 2017 percussi
1667 1947 1881 2002 fuerant
1916 1966 2011 2019 per
2048 1964 2266 2006 sanctas

682 2038 1157 2108 mcumenieasque
1217 2042 1502 2111 synodos:
1550 2042 1616 2107 is,
1662 2041 1904 2111 inquam,
1956 2060 2180 2115 serpens
2218 2056 2270 2100 et

679 2134 919 2189 Armenii
977 2135 1027 2188 in
1082 2134 1301 2190 civitate
1346 2135 1617 2190 Armeniae
1667 2136 1809 2190 dicta
1868 2135 1983 2191 The
2034 2138 2266 2203 collecti,

678 2226 858 2294 ibique
884 2227 1114 2295 synodo,
1151 2236 1210 2279 ut
1243 2226 1344 2296 ipsi
1395 2227 1678 2295 putabant,
1718 2240 2062 2298 congregata,
2104 2231 2266 2298 impia

676 2327 735 2373 et
796 2318 1113 2389 blasphema
1170 2321 1615 2390 conscripserunt
1683 2322 1969 2391 dogmata;
2038 2323 2267 2393 indeque

674 2426 914 2466 errorem
946 2412 1499 2468 Chantzitzariorum.
1536 2412 1627 2469 Sic
1656 2414 1724 2469 ab
1756 2415 1861 2469 illis
1891 2414 2255 2471 existimatur.

676 2503 990 2560 Passionem
1034 2505 1100 2558 ad
1133 2506 1440 2572 passionem
1493 2506 1779 2574 imponunt
1809 2506 1855 2561 ei
1898 2508 2042 2575 quod
2078 2524 2173 2576 per
2212 2524 2269 2563 se

680 2596 896 2650 ratione
926 2594 1225 2650 divinitatis
1255 2597 1387 2650 nihil
1422 2597 1533 2666 pati
1562 2606 1769 2663 potest;
1829 2595 2090 2651 inducunt
2118 2614 2223 2652 con
2245 2629 2265 2639 -

673 2686 943 2741 fusionem
999 2695 1053 2742 et
1110 2687 1460 2755 misttonem;
1526 2703 1800 2759 unamque
1860 2704 1986 2746 esse
2044 2689 2261 2746 Domini

674 2778 847 2834 nostri
874 2776 1005 2833 Jesu
1050 2778 1250 2834 Christi
1289 2788 1539 2834 naturam
1577 2780 1740 2850 impie
1790 2780 1989 2836 docent
2027 2802 2037 2836 :
2083 2784 2265 2853 qualia

676 2874 975 2947 Eutyches,
1019 2874 1315 2931 Dioscorus
1369 2884 1424 2931 et
1481 2874 1669 2932 infelix
1724 2874 1919 2931 Petrus
1979 2892 2102 2931 cum
2160 2878 2265 2933 illis

674 2970 953 3025 sentiunt:
985 2970 1373 3037 concurritque
1426 2970 1579 3038 impii
1611 2969 1798 3025 Severi
1829 2970 2081 3035 haresis;
2110 2986 2173 3026 ac
2197 2987 2261 3026 ex

675 3062 781 3118 illis
810 3062 1011 3117 habent
1042 3062 1323 3131 Acephali,
1355 3059 1660 3123 Severiani,
1688 3059 1968 3117 Jacobitaa.
1990 3060 2261 3117 Praeterea

675 3154 820 3208 idem
858 3153 1054 3223 impius
1086 3151 1379 3223 Eutyches,
1410 3161 1465 3207 et
1509 3150 1823 3219 Dioscorus,
1866 3162 1923 3207 et
1953 3152 2172 3220 Petrus,
2210 3163 2263 3207 et
2292 3188 2336 3247 ο

673 3250 1055 3304 Armeniorum
1088 3251 1280 3304 ductor
1327 3247 1676 3304 Mantacunes
1704 3249 1890 3302 dicunt
1918 3250 2265 3303 Servatorcm

675 3344 957 3413 Deumque
1008 3350 1281 3407 nostrum,
1338 3350 1633 3410 antequam
1692 3357 1756 3395 ex
1814 3341 1981 3396 Maria
2046 3356 2265 3410 semper

677 3431 898 3502 Virgine
947 3442 1285 3496 nasceretur,
1316 3434 1382 3487 de
1417 3433 1557 3486 cmlo
1598 3446 1818 3487 carnem
1871 3434 2144 3497 habuisse,
2183 3433 2262 3486 si-

675 3524 1041 3579 militudinem
1087 3524 1233 3578 enim
1282 3533 1334 3578 et
1365 3522 1539 3577 solum
1583 3524 1880 3578 secundum
1926 3525 2162 3592 speciem
2201 3539 2265 3577 ac

675 3618 1010 3686 opinionem,
1040 3631 1144 3670 non
1166 3629 1293 3670 vero
1316 3615 1610 3670 sectmdum
1646 3616 1926 3669 veritatem
1958 3614 2260 3681 sumpsisse

673 3709 743 3766 de
789 3710 1028 3780 Virgine.
1063 3708 1230 3763 Aiunt
1282 3718 1463 3762 autem
1508 3708 1651 3775 quod
1702 3721 1802 3761 nec
1866 3709 2099 3759 animam
2165 3721 2263 3759 nec

676 3816 873 3871 corpus
916 3816 981 3857 ex
1016 3801 1233 3872 Virgine
1270 3800 1561 3870 acceperit,
1610 3814 1708 3853 nec
1747 3800 1884 3853 Deus
1939 3813 2161 3851 manere
2212 3798 2264 3850 in

676 3896 821 3950 illius
848 3905 1000 3949 utero
1034 3895 1373 3955 sustinuerit,
1400 3894 1491 3948 sed
1529 3904 1781 3962 tanquam
1816 3907 1909 3959 per
1932 3892 2116 3944 tnbnm
2144 3908 2265 3959 per-

676 3990 975 4054 transicrit,
1023 3998 1185 4057 atque
1217 4004 1282 4042 ex
1318 3987 1528 4041 duabus
1561 3986 1771 4039 naturis
1808 3986 1859 4037 in
1904 3999 2065 4038 unam
2109 4000 2259 4037 com-

677 4083 872 4135 mistus
905 4080 1090 4135 fuerit.
1117 4079 1351 4149 Ideoque
1381 4079 1624 4133 Armenii
1650 4078 2133 4132 Annuntiatinuem
2164 4092 2264 4130 suo

678 4182 923 4240 tempore
961 4188 1066 4227 non
1121 4171 1446 4227 celebrant:
1482 4185 1669 4224 verum
1718 4181 1843 4225 octo
1895 4169 2088 4224 diebus
2141 4179 2266 4222 ante

675 4277 861 4320 sancta
928 4264 1155 4321 Lumina
1210 4278 1433 4334 vespere
1484 4264 1763 4319 celebrant
1821 4262 2265 4316 Aununtiationis

674 4356 875 4417 festum
908 4368 962 4414 et
993 4372 1087 4428 per
1115 4370 1327 4411 noetem
1368 4355 1556 4411 Natale
1581 4354 1782 4410 Christi
1810 4354 2005 4408 festum
2036 4354 2261 4416 habent,

677 4454 1111 4522 transcursisque
1158 4460 1362 4519 septem
1424 4449 1633 4512 diebus,
1668 4448 1740 4500 ita
1796 4457 1981 4516 postea
2034 4448 2262 4502 Lumina

2375 1938 2583 2006 Πέτρον
2610 1939 2701 1990 τὶν
2742 1939 3095 2009 Ἀντιοχείας,
3128 1943 3218 1993 καὶ
3242 1942 3334 1994 τὸν
3374 1944 3761 2015 Μονοθεὶπῖτην
3790 1946 3962 1998 Εὐτυ-

2373 2029 2495 2098 χέα,
2535 2030 2914 2091 άπελαθέντας
2948 2034 3041 2085 καὶ
3086 2034 3634 2102 ἁναθεματισθέντας
3670 2038 3820 2105 παρὰ
3851 2038 3964 2089 τῶν

2374 2120 2549 2188 ἁγίων
2609 2123 2703 2175 καὶ
2748 2124 3149 2194 οίκουμενικών
3197 2129 3476 2180 συνόδων·
3517 2130 3613 2180 καὶ
3659 2130 3962 2199 ἀμφότεροι

2374 2215 2734 2286 συναχθέντες
2765 2219 2821 2269 ὲν
2845 2220 2908 2287 τῇ
2947 2220 3103 2272 πόλει
3133 2224 3202 2292 τῇ
3238 2223 3508 2294 λεγομένῃ
3536 2223 3651 2292 Τϐὴ
3685 2224 3830 2295 [aliis
3863 2224 3960 2275 Τι-

2370 2308 2461 2379 εὴ]
2489 2308 2590 2379 τῆς
2636 2310 2957 2377 Ἀρμενίας,
2991 2314 3083 2365 καὶ
3110 2314 3166 2365 ὲν
3191 2316 3329 2385 αὐτῇ
3367 2316 3611 2381 σύνοδον,
3650 2319 3725 2380 ὡς
3762 2320 3961 2369 ἐκεῖνοι

2371 2402 2629 2472 ἐνόμισαν
2662 2406 3168 2476 συγκροτήσαντες,
3210 2408 3302 2460 καὶ
3334 2410 3400 2460 τὰ
3425 2411 3561 2463 ἄθεα
3592 2412 3687 2462 καὶ
3712 2411 3961 2478 βλάσφη-

2374 2515 2449 2566 μα
2483 2498 2902 2567 συνεγράψαντο
2966 2501 3255 2569 δόγματα·
3313 2504 3522 2555 ἐκεῖθεν
3555 2506 3649 2557 καὶ
3697 2506 3797 2574 τὴν
3848 2506 3960 2557 τῶν

2370 2589 2819 2660 Χαντζιτςαρίων
2858 2594 2933 2662 (b)
2958 2610 2973 2623 υ
3024 2594 3198 2657 οὕτως
3239 2596 3470 2656 ἐκείνοις
3510 2596 3785 2661 λογίζεται
3812 2616 3823 2626 ·
3856 2598 3963 2648 πά-

2370 2680 2458 2744 θος
2498 2683 2607 2751 γὰρ
2634 2685 2967 2754 ὲπιρέρουσι
3001 2686 3079 2753 τῷ
3114 2688 3277 2740 πάθει
3325 2687 3403 2757 τῷ
3434 2690 3556 2741 κατ’
3586 2691 3722 2742 αὐτὸ
3756 2691 3961 2743 ἀπαθεῖ

2368 2776 2467 2844 τῆς
2500 2776 2783 2847 θεότητος,
2842 2781 2937 2832 καὶ
2970 2782 3188 2851 φυρμὸν
3232 2781 3326 2833 καὶ
3378 2784 3579 2853 κρᾶσιν
3632 2785 3958 2850 εἱσάγουσιο

2369 2869 2463 2918 καὶ
2503 2867 2633 2944 μίαν
2666 2864 2811 2922 εἶναι
2849 2870 3016 2937 φύσιν
3046 2872 3146 2941 τὴν
3181 2873 3275 2925 τοῦ
3321 2873 3533 2943 Κυρίου
3578 2876 3736 2944 ἡμῶν
3780 2875 3958 2943 Ἰησοῦ

2368 2958 2607 3027 Χριστοῦ
2642 2959 2857 3023 ἀσεϐῶς
2904 2961 3353 3031 δογματίζουσιν,
3387 2960 3478 3017 οἷα
3514 2966 3663 3017 καὶὸ
3710 2966 3961 3035 Εὐτυχὴς

2368 3050 2461 3100 καὶ
2487 3048 2783 3118 Διόσκορος
2826 3052 2921 3102 καὶ
2963 3052 2991 3103 ὸ
3024 3051 3261 3113 δείλαιος
3297 3053 3503 3123 Πέτρος
3559 3053 3814 3119 φρονοῦσι
3865 3056 3961 3105 σὺν

2370 3140 2554 3202 αὐτοῖς
2579 3155 2590 3167 °
2638 3141 2734 3194 καὶ
2762 3141 2794 3211 ἡ
2823 3140 2917 3194 τοῦ
2947 3142 3113 3195 ἀθέου
3140 3124 3384 3213 έεὸήρου
3416 3146 3628 3213 αἵρεσις
3652 3146 3959 3215 συντρέχει,

2378 3232 2474 3283 καὶ
2499 3231 2556 3295 ἐξ
2577 3233 2759 3285 αὐτῶν
2780 3234 3104 3303 μετέχουσιν
3134 3236 3182 3287 oi
3203 3237 3514 3303 Ἀκέφαλοι,
3540 3237 3679 3305 Σεδη
3692 3240 3889 3305 ριανοὶ,
3912 3240 3958 3289 οἱ

2377 3322 2707 3378 Ἰακωεῐται.
2727 3323 2916 3376 Ἐτιδὲ
2934 3327 2961 3378 ὁ
2981 3326 3143 3389 αὐτὸς
3163 3327 3320 3388 ἄθεος
3343 3329 3607 3397 Εὐτυχὴς,
3628 3332 3721 3381 καὶ
3738 3330 3961 3382 Διόσκοο

2380 3432 2489 3485 ρος,
2512 3418 2603 3466 καὶ
2623 3416 2848 3484 Πέτρος,
2874 3418 2967 3468 καὶ
2987 3419 3014 3469 ὁ
3038 3418 3278 3487 ἀρχηγὸς
3300 3420 3406 3471 τῶν
3424 3420 3725 3489 Ἀρμενίων
3742 3424 3961 3474 Mavu-

2378 3507 2575 3577 κουνῆς
2609 3507 2861 3576 λέγουσιν
2882 3510 2961 3562 δτι
2984 3511 3091 3581 πρὸ
3118 3513 3209 3563 τοῦ
3236 3513 3562 3583 γεννηθῆναι
3591 3519 3653 3567 ὲκ
3678 3516 3779 3584 τῆς
3826 3519 3960 3569 Ἀει-

2377 3599 2656 3671 Παρθὲνου
2688 3601 2908 3672 Μαρίας
2929 3602 3023 3656 τὸν
3050 3604 3281 3674 Σωτῆρα
3307 3606 3399 3659 καὶ
3425 3605 3560 3659 Θεὸν
3578 3609 3758 3678 ήμῶν,
3791 3610 3850 3674 ἐξ
3871 3612 3959 3661 οὐ·

2379 3692 2542 3763 ρανοῦ
2568 3694 2693 3765 ἔσχε
2725 3697 2822 3764 τὴν
2846 3696 3049 3767 σάρκα.
3077 3699 3189 3766 Τὴν
3211 3698 3320 3769 γὰρ
3350 3702 3648 3771 ὁμοιότητα
3675 3706 3769 3755 καὶ
3793 3708 3959 3773 μόνην

2377 3787 2520 3839 κατὰ
2546 3787 2851 3856 φαντασίαν
2876 3792 2970 3841 καὶ
3006 3792 3067 3842 οὐ
3095 3791 3219 3843 κατ’
3246 3792 3509 3861 ἀλήθειαν
3540 3794 3733 3846 ἔλαϐεν
3761 3798 3826 3847 ἐκ
3859 3799 3957 3861 τῆς

2376 3880 2669 3949 παρθένου.
2700 3882 2936 3949 Λέγουσι
2969 3883 3023 3935 δὲ
3045 3882 3118 3945 ὠς
3136 3883 3260 3936 οὔτε
3289 3885 3471 3955 ψυχὴν
3495 3884 3618 3938 οὔτε
3646 3887 3805 3955 σῶμα
3835 3889 3956 3940 ἔλα-

2376 3975 2471 4025 6εν
2494 3975 2560 4026 ἐκ
2594 3972 2692 4042 τῆς
2719 3974 3019 4043 Παρθένου,
3051 3975 3175 4027 οὗτε
3202 3977 3336 4039 Θεὸς
3364 3980 3551 4046 μείνας
3575 3981 3632 4029 ὲν
3660 3983 3723 4047 τῇ
3765 3982 3959 4049 γαστρὶ

2376 4068 2549 4135 αὐτῆς
2584 4068 2906 4138 ὑπέμεινεν,
2939 4069 3055 4121 ἀλλ’
3081 4069 3273 4139 ὥσπερ
3319 4071 3409 4121 διὰ
3446 4071 3688 4136 σωλῆνος
3711 4072 3952 4139 διῆλθεν,

2376 4163 2439 4212 ἐκ
2469 4161 2563 4213 δύο
2598 4160 2849 4229 φύσεων,
2884 4163 2979 4215 καὶ
3006 4164 3085 4225 είς
3144 4163 3273 4231 μίαν
3330 4163 3577 4234 ὲςυράθη
3632 4165 3815 4232 φύσιν,
3867 4168 3957 4217 καὶ

2374 4254 2462 4306 διὰ
2496 4254 2656 4306 τοῦτο
2683 4256 2731 4307 οἱ
2768 4255 3046 4324 ’Λρμένιοι
3074 4257 3163 4308 τὸν
3192 4256 3607 4326 Εὑαγγε).ισμὸν
3632 4259 3728 4327 οὐχ
3767 4260 3955 4328 ἑορτά-

2376 4346 2561 4410 ζουσιν
2594 4348 2675 4410 είς
2703 4348 2793 4401 τὸν
2824 4349 2959 4401 ἴδιον
2992 4350 3185 4420 καιρόν
3210 4366 3223 4379 ·
3260 4350 3396 4403 ἀλλὰ
3424 4351 3531 4419 πρὸ
3558 4351 3699 4403 ὀκτὼ
3732 4354 3956 4423 ἡμερῶν

2377 4438 2484 4490 τῶν
2517 4439 2690 4505 ἁγίων
2739 4438 2939 4491 Φώτων
2980 4440 3303 4506 ἑορτάζουσι
3343 4442 3407 4509 τῇ
3440 4442 3649 4509 ἑσπέρα
3694 4442 3793 4510 τὴν
3833 4445 3955 4509 ἐορ-

676 4548 1079 4609 concelebrant,
1116 4542 1265 4597 nullo
1296 4541 1456 4596 modo
1483 4540 1922 4594 cireunteisionis
1942 4541 2260 4594 memoriam

2374 4533 2473 4602 τὴν
2522 4533 2613 4585 τοῦ
2650 4533 3091 4601 Εὐάγγελισμοῦ,
3128 4535 3221 4585 καὶ
3262 4534 3350 4586 διὰ
3387 4536 3480 4602 τῆς
3516 4535 3709 4596 νυκτὸς
3757 4536 3951 4603 ἑορτα-

675 4641 963 4696 facientes.
1000 4638 1078 4691 Ad
1114 4636 1226 4690 haec
1260 4649 1359 4689 suo
1395 4634 1553 4687 modo
1583 4632 1799 4689 Judaaos
1846 4634 2129 4687 imitantur
2160 4633 2261 4685 Ar-

676 4731 841 4787 menii
878 4740 1083 4799 :atque
1136 4731 1187 4782 in
1256 4729 1369 4797 ipso
1426 4726 1710 4782 Paschalis
1758 4735 2000 4795 tempore
2062 4741 2261 4794 agnum

676 4824 1013 4887 sacriﬁcant,
1071 4836 1137 4873 ex
1192 4821 1345 4888 cujus
1402 4820 1669 4887 sanguine
1733 4819 1917 4871 limina
1981 4826 2262 4885 portarunt

676 4920 975 4985 inungunt;
1027 4928 1148 4969 assa
1196 4912 1303 4981 igni
1338 4910 1548 4966 faciunt.
1592 4924 1646 4965 et
1698 4912 2047 4963 manducaui.
2096 4908 2262 4964 Suam

674 5011 1003 5065 oblationem
1040 4987 1248 5077 absque
1299 5006 1568 5061 fermento
1618 5005 1915 5059 conficiunt
1960 5003 2261 5056 :unionem

676 5104 962 5173 sanguinis
1011 5112 1066 5157 et
1115 5117 1267 5170 aqua:
1322 5115 1428 5155 non
1481 5111 1779 5169 peragunt,
1822 5098 1914 5153 sed
1970 5097 2085 5149 solo
2138 5097 2263 5148 vino

678 5208 925 5261 utuntur,
954 5195 1110 5263 juxta
1157 5191 1467 5247 Iudaeorum
1501 5190 1955 5245 consuetudinem
2007 5187 2260 5241 traditio-

682 5304 915 5357 netnquc
990 5287 1172 5343 cultus
1230 5286 1453 5354 legalis;
1498 5300 1601 5339 non
1662 5282 2029 5352 intelligentes
2079 5280 2266 5336 divina

677 5382 994 5450 Evangelia,
1029 5396 1127 5435 nec
1157 5379 1301 5449 quod
1344 5380 1411 5433 ab
1434 5378 1691 5447 Apostolo
1727 5378 1925 5431 dicitur
1966 5393 1981 5428 :
2015 5393 2032 5425 ι
2070 5372 2264 5428 Vetera

680 5474 1033 5539 transierunt,
1078 5488 1205 5529 ecce
1242 5472 1382 5527 facta
1428 5480 1557 5526 sunt
1611 5471 1791 5525 omnia
1845 5483 1983 5522 nova
2022 5465 2104 5538 (11
2137 5467 2265 5521 Cor.

679 5586 733 5632 ν,
764 5568 875 5641 l7).
914 5588 931 5621 ι
973 5568 1195 5638 Signum
1228 5576 1406 5621 autem
1439 5566 1761 5621 veneranda:
1795 5564 1974 5617 crucis
2005 5576 2104 5616 nec
2135 5562 2271 5614 ado-

677 5672 823 5726 rain,
860 5677 961 5716 nec
1020 5658 1229 5725 colunt,
1284 5673 1382 5713 nec
1433 5658 1733 5727 quidquam
1792 5657 1987 5710 divina:
2048 5654 2265 5710 virtutis

747 5847 823 5917 (ὁ)
853 5842 1080 5901 Videtur
1112 5842 1317 5915 aliquid
1358 5844 1563 5898 deesse.

2373 4626 2524 4690 ζουσι
2560 4625 2631 4677 τὰ
2664 4625 2904 4695 Χριστοῦ
2968 4626 3157 4688 Γέννα,
3190 4628 3306 4677 -καὶ
3348 4628 3770 4697 περιτρέχουσιν
3818 4630 3957 4679 ἑπτα

2372 4720 2610 4789 ἡμέρας,
2661 4720 2757 4771 καὶ
2790 4716 2891 4773 εἷθ’
2941 4718 3111 4781 οὕτως
3135 4720 3453 4788 ἑορτάζουσι
3500 4721 3567 4772 τὰ
3606 4721 3786 4782 Φῶτα,
3851 4740 3956 4789 μη-

2370 4812 2539 4874 δόλως
2574 4813 2857 4875 ποιοῦντες
2916 4814 3107 4883 μνείαν
3157 4815 3255 4880 τῆς
3305 4814 3631 4883 περιτομῆς.
3670 4817 3780 4867 Καὶ
3818 4820 3954 4868 κατὰ

2372 4906 2500 4967 τοὺς
2534 4904 2699 4968 ἰδίους
2734 4903 2798 4975 [ί.
2840 4905 2991 4958 deest
3027 4904 3286 4976 τρῦπους]
3339 4906 3706 4968 ίουδαῖζουσιν
3748 4909 3799 4958 οί
3832 4908 3960 4977 Ἀρ-

2377 4997 2554 5067 μένιοι
2580 5015 2591 5025 ·
2623 4999 2717 5050 καὶ
2748 4999 2807 5050 ὲν
2843 4997 2996 5067 αὐτῷ
3046 4998 3126 5067 τῷ
3156 4998 3335 5069 καιρῷ
3375 4997 3467 5049 τοῦ
3502 4997 3717 5067 Πάσχα,
3769 4998 3964 5051 θύουει

2368 5090 2461 5141 τὸν
2485 5088 2683 5158 ἀμνὸν,
2723 5090 2815 5142 καὶ
2848 5094 2913 5140 ὲκ
2944 5087 3040 5141 τοῦ
3067 5089 3303 5159 αἵματος
3340 5087 3507 5141 αὐτοῦ
3533 5089 3633 5150 τὰς
3664 5088 3827 5156 φλιάς
3850 5090 3965 5139 τῶν

2370 5182 2555 5253 θυρῶν
2583 5182 2853 5253 χρίουσιν,
2904 5184 3051 5236 ὀπτὰ
3094 5184 3231 5253 πυρὶ
3285 5182 3503 5235 ποιοῦσι
3550 5184 3645 5234 καὶ
3693 5182 3962 5235 ἐσθίουσι.

2374 5277 2600 5345 Καὶτὴν
2632 5276 2951 5345 προσφοράν
2992 5276 3173 5328 αὐτῶν
3208 5276 3416 5345 ἄζυμον
3465 5276 3704 5337 ποιοῦσι,
3754 5275 3847 5329 καὶ
3872 5276 3965 5328 ἔνο

2371 5388 2507 5423 ωσιν
2536 5370 2631 5424 τοῦ
2670 5370 2906 5440 αἵματος
2937 5372 3033 5424 καὶ
3061 5370 3157 5423 τοῦ
3187 5370 3380 5434 ὓδατος
3424 5371 3485 5422 οὐ
3534 5368 3802 5430 ποιοῦσιν,
3836 5366 3968 5420 ἀλλ’

2376 5461 2520 5518 οἶνον
2561 5467 2655 5519 καὶ
2693 5464 2879 5534 μόνον,
2914 5465 3059 5518 κατὰ
3100 5464 3162 5517 τὸ
3190 5464 3378 5535 ἔθιμον
3404 5464 3511 5517 τῶν
3554 5462 3821 5517 Ἰουδαίων
3865 5466 3977 5515 καὶ

2372 5557 2472 5628 τὴν
2507 5556 2809 5628 παράδοσιν
2850 5556 2951 5625 τῆς
2994 5557 3228 5627 νομικῆς
3259 5556 3533 5626 λατρείας,
3568 5554 3647 5623 μὴ
3682 5554 3982 5617 συνιέντες

2374 5651 2482 5705 τῶν
2516 5651 2678 5706 θείων
2710 5649 3083 5719 Εὑαγγελίων,
3126 5650 3222 5705 καὶ
3260 5648 3353 5702 τοῦ
3389 5647 3716 5701 ’Δποστόλου
3766 5646 3982 5717 λέγον.
