4194 6444
214 383 358 449 1255
1426 381 1523 441 DE
1565 381 1813 442 REBUS
1853 383 2251 445 ARMENI/E.
3334 386 3467 453 1266

220 516 312 560 τος
340 514 351 524 ·
399 513 418 547 ι
434 494 555 549 Ὀτι
575 494 642 549 τὰ
656 495 861 566 ἀρχτ.α
880 496 1183 567 παρῆλθεν,
1210 495 1319 550 ἰδοὺ
1336 499 1524 566 γέγονε
1544 500 1610 552 τὰ
1625 499 1805 553 πάντα
1832 500 1862 558 Α

1970 501 2107 555 lbere
2141 502 2480 569 prolitcntur,
2531 499 2637 557 nisi
2684 500 2837 571 prius
2890 510 3144 572 tanquam
3198 503 3472 558 hominem

218 587 406 643 καινά.
421 607 439 640 ι
458 589 530 641 Τὸ
544 588 601 641 δὲ
618 606 684 658 ση
694 590 783 657 μετ
792 604 844 639 av
862 588 957 641 τοῦ
970 588 1149 658 τιμίου
1166 589 1404 661 σταυροῦ
1421 588 1543 643 οὔτε
1560 608 1801 662 προσκυ-

1978 594 2321 663 ptizaverint,
2356 594 2410 648 in
2458 594 2745 665 medioque
2777 593 2920 650 illius
2976 594 3193 649 ﬁxerint
3234 594 3471 649 clavum.

223 684 411 735 νοῦσιν
448 680 572 734 οὔτε
612 681 886 744 σέϐονται,
931 679 1056 733 οὔτε
1094 680 1241 734 θείαν
1278 682 1509 752 δύναμιν
1553 685 1805 751 λέγουσιν

1970 692 2045 737 ite
2070 685 2214 737 enim
2252 698 2411 751 quam
2440 700 2659 740 crucem
2712 683 3126 753 baptizaverint,
3156 685 3478 739 conculcant

220 776 391 843 ἔχειν,
405 774 549 844 εἰμὴ
572 772 839 842 πρότερον
858 772 1109 842 βαπτίσω
1120 790 1203 826 σιν
1222 774 1383 826 αὑτὸν
1400 774 1473 838 ὼς
1496 775 1802 847 ἄνθρωπον,

1977 791 2026 828 In
2048 783 2100 829 et
2124 789 2224 846 pro
2254 774 2422 828 nihilo
2456 776 2679 830 ducunt.
2707 776 2781 830 De
2806 776 2978 831 sacris
3015 788 3143 829 vero
3172 784 3227 830 et
3248 790 3475 830 venera~

222 868 323 919 καὶ
348 864 592 934 πήξωσιν
622 857 749 931 ἧλον
766 865 820 915 ὲν
850 864 1002 934 μέσῳ
1017 864 1203 918 αὐτοῦ.
1226 865 1339 935 Πρὸ
1356 865 1464 935 γάρ
1483 864 1574 918 τοῦ
1601 866 1803 935 βαπτίο

1971 869 2109 923 libus
2149 868 2475 938 imaginibus
2528 869 2669 923 hanc
2708 869 2911 924 habent
2962 868 3228 923 rationem
3266 876 3320 922 et
3352 882 3481 921 sen-

227 975 321 1010 σαι
353 956 537 1022 αὐτὸν,
569 957 663 1009 καὶ
680 953 1078 1020 καταπατοῦσι,
1109 954 1205 1009 καὶ
1223 955 1338 1008 ἀντ’
1373 956 1584 1019 οὐδενὸς
1616 956 1807 1026 ὴγοῦν·

1970 959 2157 1024 ntiam,
2184 958 2347 1029 quod,
2387 958 2527 1014 sicut
2552 958 2792 1028 gentium
2811 956 3256 1024 simulacra,.t08
3281 956 3487 1011 habent

230 1068 340 1103 ται.
378 1050 512 1119 Περὶ
545 1049 600 1101 δὲ
632 1047 741 1100 τῶν
764 1048 937 1116 ἁγίων
983 1049 1078 1101 καὶ
1114 1049 1326 1102 σεπτῶν
1378 1049 1604 1103 εἰκόνων
1628 1049 1811 1104 τοιαύ-

2003 1064 2107 1102 non
2167 1050 2475 1117 loquentur,
2529 1063 2690 1103 aures
2744 1049 2947 1103 habent
2992 1058 3046 1104 et
3100 1063 3206 1103 non
3265 1046 3487 1102 audient

228 1161 332 1212 την
359 1143 543 1212 ἔχουσι
569 1141 834 1204 διάθεσιν,
861 1141 943 1193 ὅτι
970 1139 1037 1213 [Γ.
1065 1142 1230 1197 inser.
1264 1141 1362 1215 ὡς]
1386 1144 1456 1197 τὰ
1485 1144 1679 1197 εἴδωλα
1702 1145 1809 1198 τῶν

1970 1138 2091 1194 ’sal.
2124 1140 2304 1204 cxm);
2334 1157 2353 1191 ι
2382 1147 2436 1192 et
2464 1154 2582 1208 qua:
2610 1147 2953 1208 sequuntur:
2986 1152 3093 1191 non
3125 1135 3488 1206 intelligentes

229 1232 405 1284 ἐθνῶν
440 1250 460 1282 ι
501 1230 679 1299 στόμα
713 1230 896 1301 ἔχουσι
921 1232 1014 1284 καὶ
1046 1232 1107 1284 οὐ
1140 1231 1457 1301 λαλήσουσι,
1489 1232 1603 1287 ὦτα
1627 1234 1812 1305 ἔχουσι

1970 1248 2130 1286 ιρι-ειη
2215 1232 2575 1300 Scripturam,
2651 1230 2963 1299 rejicientes
3025 1230 3199 1298 ipsum
3267 1242 3488 1297 quoque

228 1326 323 1374 καὶ
356 1322 457 1374 οὐκ
491 1322 843 1385 ἀκούσονται,
884 1341 902 1373 ι
953 1321 1049 1373 καὶ
1080 1323 1147 1395 τὰ
1188 1322 1350 1392 ἑξῆς*
1407 1322 1482 1394 μὴ
1540 1326 1814 1390 συνιέντες

1970 1326 2257 1379 uitiatorem
2292 1337 2586 1391 verumque
2636 1322 2805 1378 Deum
2838 1331 3084 1378 nostrum
3112 1321 3297 1376 Jesum
3328 1318 3489 1372 Chri-

234 1416 335 1481 τῆς
398 1415 550 1475 Θείας
583 1413 828 1481 Γραφῆς,
905 1411 1228 1476 ἀθετοῦντες
1278 1416 1485 1470 ἐκεῖνον
1527 1417 1690 1471 αὐτὸν
1725 1419 1816 1474 τὸν

1974 1433 2082 1479 υιιι,
2130 1426 2444 1471 cunctorum
2481 1413 2778 1483 Opiﬁcem,
2809 1414 2903 1483 qui
2954 1415 3004 1467 in
3059 1427 3222 1468 sacro
3282 1407 3493 1464 mantili

240 1505 475 1572 Σωτῆρα
541 1506 634 1555 καὶ
669 1503 927 1571 ἁληθινὺν
960 1503 1093 1557 Θεὸν
1144 1507 1302 1573 ἡμῶν
1341 1509 1550 1577 Ἰησοῦν
1579 1508 1816 1579 Χριστὸν

1970 1510 2212 1579 naginem
2238 1523 2390 1563 suam
2414 1506 2482 1561 ad
2512 1507 2782 1576 Abgarum
2809 1507 2976 1571 misit,
2994 1505 3220 1574 ejusque
3247 1502 3496 1558 morbum

248 1597 345 1649 καὶ
366 1596 711 1664 Δημιουργδν
738 1599 848 1649 τῶν
881 1596 1155 1663 ἁπάντων,
1172 1599 1320 1661 ὅστις
1337 1599 1425 1651 διὰ
1450 1600 1541 1652 τοῦ
1564 1601 1719 1668 ἁγίου
1746 1603 1816 1672 (c)

1970 1604 2153 1657 inavit.
2199 1601 2573 1671 Aspernantur
2620 1600 2785 1655 etiam
2840 1601 2949 1652 Deo
3007 1600 3223 1666 plenum
3278 1597 3492 1650 Patrem

250 1688 542 1756 μανδυλίου
573 1688 672 1758 τὴν
706 1688 846 1740 ἰδίαν
890 1688 1076 1741 εἰκόνα
1113 1689 1192 1759 τῷ
1229 1690 1481 1761 Ἀὅγάρῳ
1507 1692 1817 1759 ἀπέστειλε,

1970 1703 2169 1748 ostrum
2226 1692 2506 1756 Basiliam,
2556 1691 2648 1761 qui
2686 1691 2762 1745 ait
2802 1690 2878 1760 (d)
2913 1708 2925 1742 :

246 1783 340 1832 καὶ
388 1782 449 1833 τὸ
481 1782 695 1851 νόσημα
729 1780 897 1834 αὐτοῦ
936 1782 1148 1835 ἰάσατο.
1195 1782 1470 1836 ’Λθετοῦσι
1501 1784 1556 1837 δὲ
1601 1786 1691 1837 καὶ
1731 1786 1820 1840 τὸν
1858 1848 1862 1855 ε

1970 1787 1993 1839 d
2045 1786 2279 1855 primum
2334 1783 2607 1853 exemplar
2643 1784 2858 1838 transit.
2895 1800 2913 1834 ι
2953 1781 3060 1836 Sed
3087 1788 3143 1835 ct
3173 1789 3284 1834 tres
3311 1791 3503 1832 cruces

242 1871 506 1940 θεοφόρον
540 1847 760 1942 ῐΙα-τέρα
794 1869 955 1939 ἡμῶν
985 1870 1288 1938 Βασίλειον,
1320 1872 1467 1937 ὅστις
1520 1874 1671 1943 λέγει
1712 1877 1817 1929 ὅτι·
1857 1848 1862 1901 1

1970 1880 2223 1942 iciunt,et
2250 1847 2836 1933 sanctam-Trinitatem
2868 1874 3169 1943 appeliant;
3195 1870 3338 1941 quod
3362 1882 3506 1921 unus

248 1985 266 2015 ι
328 1966 391 2017 Ἢ
421 1965 553 2033 τιμὴ
586 1964 684 2032 τῆς
714 1963 927 2027 εἰκόνος
979 1964 1081 2016 ἐπὶ
1114 1964 1176 2017 τδ
1209 1966 1567 2035 πρωτότυπον
1608 1968 1815 2022 διαϐαί-

1970 1968 2215 2024 'rinitatis
2273 1966 2565 2023 cruciﬁxus
2610 1965 2706 2031 sit,
2759 1978 2974 2032 unaque
3026 1961 3188 2016 simul
3244 1957 3503 2013 cruciﬁxa

251 2075 355 2111 νει.
416 2077 434 2109 ι
496 2056 661 2109 Ἀλλὰ
689 2055 783 2110 καὶ
822 2058 973 2127 τρεῖς
1018 2056 1289 2127 σταυροὺς
1317 2058 1553 2121 ποιοῦσι,
1606 2059 1700 2112 καὶ
1725 2060 1825 2130 τὴν

1970 2061 2097 2116 ierit
2126 2069 2311 2116 sancta
2339 2058 2577 2113 Trinitas
2604 2074 2618 2113 :
2654 2058 2964 2129 ignorantes
2993 2064 3347 2123 personarum
3394 2044 3503 2101 dif-

252 2150 418 2216 ἁγίαν
479 2149 686 2219 Τριάδα
737 2148 1132 2219 ὀνομάζουσιν·
1191 2151 1275 2204 ὅτι
1324 2144 1405 2214 εἷς
1455 2152 1556 2221 τῆς
1598 2152 1829 2222 Τριὰδος

1970 2151 2221 2207 :rentiam
2261 2189 2278 2216 ,
2336 2163 2443 2203 nec
2499 2148 2738 2204 divinam
2788 2141 3504 2214 incomprehensibilemque

251 2237 605 2309 ἐσταυρώθη,
656 2240 749 2292 καὶ
798 2238 1239 2309 συνεσταύρωται
1302 2240 1420 2309 ἅμα
1472 2242 1565 2293 καὶ
1622 2242 1654 2312 ἡ
1698 2242 1830 2310 ἁγία

1970 2246 2167 2301 Deitatis
2208 2254 2457 2299 naturam
2510 2250 2792 2298 servantes
2827 2240 3078 2305 illaesani;
3112 2237 3207 2293 sed
3256 2238 3403 2305 ipsos
3449 2246 3508 2287 se

258 2331 430 2401 Τριάς
449 2346 464 2360 ο
503 2329 578 2400 μὴ
610 2329 884 2392 συνιέντες
908 2330 1007 2401 τὴν
1030 2330 1295 2401 διαφορὰν
1317 2332 1425 2386 τῶν
1456 2332 1829 2399 ὑποστάσεων,

1970 2352 2036 2393 νει·
2083 2336 2440 2408 ignorantiam
2478 2336 2532 2390 in
2582 2334 2902 2404 profundum
2950 2327 3265 2404 perditionis
3318 2325 3508 2395 impel-

1942 2431 2133 2486 lentes.
2165 2429 2406 2498 Denique
2468 2428 2653 2499 legunt
2699 2426 2938 2497 quotidie
2972 2422 3149 2479 sancti
3204 2418 3510 2486 Deilerique

1943 2521 2122 2579 Patris
2173 2518 2341 2577 nostri
2378 2520 2566 2584 libros,
2588 2534 2694 2588 quo
2738 2517 2895 2572 modo
2937 2512 3240 2571 minutatim
3275 2510 3509 2564 haereses

1947 2614 2280 2678 manifestet,
2334 2626 2548 2667 necnon
2595 2621 3032 2679 unamquamque
3082 2603 3425 2676 peculiariter
3456 2607 3510 2653 et

2968 1707 2985 1740 ι
3014 1687 3198 1743 llonor
3249 1685 3503 1754 imaginis

263 2423 399 2494 μηδὲ
428 2422 526 2495 τὴν
573 2423 724 2476 θείαν
763 2425 859 2477 καὶ
896 2424 1280 2495 ἀκατάληπτον
1314 2425 1483 2496 φύσιν
1510 2426 1608 2496 τῆς
1641 2427 1834 2495 θεότη·

260 2535 350 2579 τος
382 2516 570 2586 ἀπαθῆ
619 2515 1008 2586 διατηροῦντες
1036 2533 1051 2547 ο
1092 2516 1208 2570 ἁλλ’
1246 2518 1329 2580 εἰς
1368 2517 1532 2588 βυθὸν
1557 2520 1837 2582 ἀπωλείας

264 2610 493 2672 ἑαυτοὺς
516 2607 786 2671 ὠθοῦντες
813 2609 901 2661 διὰ
924 2610 1024 2677 τῆς
1049 2608 1347 2676 ἀγνωσίας.
1374 2610 1837 2677 Ἀναγινώσκουσι

264 2701 318 2752 δὲ
357 2700 453 2752 καὶ
476 2698 601 2753 καθ’
634 2698 874 2769 ἑκάστην
900 2700 1117 2770 ἡμέραν
1151 2700 1246 2753 τοῦ
1277 2700 1433 2770 ἁγίου
1457 2703 1550 2755 καὶ
1574 2702 1837 2775 θεοφόρου

1970 2721 2192 2762 ιοοιεευιιι
2224 2704 2417 2759 subdat
2450 2703 2783 2758 anathemati
2813 2719 2827 2756 :
2852 2710 2907 2755 et
2933 2700 3076 2770 ipsas
3103 2695 3319 2767 quidem
3341 2694 3511 2748 haere-

270 2793 481 2861 Πατρὸς
513 2790 672 2861 ἡμῶν
700 2794 800 2853 τὰς
840 2791 1080 2862 βίϐλους,
1112 2793 1174 2845 τὸ
1207 2793 1322 2858 πῶς
1359 2793 1717 2865 λεπομερῶς
1747 2812 1843 2849 σα-

1970 2810 2039 2850 ιεε
2084 2793 2571 2855 anathematizauit,
2632 2806 2760 2847 suas
2823 2800 3004 2845 autem
3073 2786 3388 2844 traditiones
3446 2796 3511 2836 ac

269 2884 490 2952 φηνίζει
512 2883 611 2946 τὰς
634 2884 898 2955 αἱρέσεις,
928 2884 1021 2937 καί
1054 2884 1186 2953 μίαν
1213 2885 1451 2957 ἑκάστην
1484 2886 1588 2957 ἰδίᾳ
1618 2889 1714 2940 καί.
1742 2906 1843 2957 χω·

1970 2902 2190 2944 ιωτθεοε
2218 2888 2473 2952 retinent,
2499 2885 2704 2946 colunt,
2730 2892 2911 2952 agunt.

270 2977 356 3045 ρὶς
396 2975 822 3046 ἀναθεματίζει·
851 2978 947 3031 καὶ
981 2977 1149 3041 αὑτὰς
1188 2978 1289 3049 μὲν
1324 2981 1423 3042 τὰς
1473 2979 1720 3049 αἱρέσεις
1746 2980 2234 3051 ἁναθεματίζουσι,
2277 2978 2379 3041 τὰς
2435 2963 2492 3031 δὲ
2547 2975 2878 3046 παραδόσεις
2924 2970 3104 3026 αὐτῶν
3164 2968 3260 3023 καὶ
3308 2966 3406 3031 τὰς
3440 2966 3522 3021 αἰ-

274 3071 454 3139 ρέσεις
482 3072 776 3141 κατέχουσι
816 3070 912 3125 καί
944 3070 1195 3127 σέϐονται
1221 3074 1315 3126 καὶ
1346 3074 1672 3144 πράττουσι.

347 3168 746 3237 Νεστοριανοὺς
768 3170 861 3223 καί
880 3170 1311 3237 Εὐτυχιανιστὰς
1334 3170 1439 3242 χρὴ
1466 3174 1638 3224 ποιεῖν
1669 3172 1852 3224 λι6ἐλ-
1882 3184 1923 3241 (ζ

274 3263 424 3324 λους,
458 3262 555 3315 καί⁵
605 3261 1033 3331 ἀναθεματίζειν
1084 3260 1185 3331 τὴν
1219 3261 1400 3314 αὐτῶν
1458 3262 1696 3333 αἵρεσιν,
1754 3263 1853 3316 καὶ

2029 3172 2098 3241 (e)
2129 3169 2481 3226 Nestorianos
2520 3176 2575 3222 et
2601 3163 3041 3236 Eutychianistas
3084 3167 3298 3231 oportet
3337 3157 3518 3212 facere

1958 3265 2189 3332 libellos,
2250 3272 2305 3318 et
2357 3276 2509 3317 suam
2564 3259 2817 3315 haeresim
2876 3254 3340 3311 anathematizare
3395 3264 3519 3305 cum

276 3356 597 3426 Νεστόριον,
632 3353 728 3407 καὶ
778 3353 1049 3423 Εὐτυχέα,
1100 3353 1197 3406 καὶ
1226 3354 1537 3424 Διόσκορον,
1594 3359 1688 3409 καί
1727 3359 1852 3419 τοὺς

278 3445 615 3517 φρονοῦντας
644 3445 714 3499 τὰ
758 3447 919 3512 αὐτὰ,
951 3447 1048 3501 καὶ
1086 3446 1264 3511 πάσας
1292 3446 1394 3510 τὰς
1441 3463 1855 3517 προσαναφερο-

285 3542 454 3611 μένας
489 3540 758 3612 αἰρέσεις,
794 3541 890 3592 καὶ
925 3540 1366 3611 μεταλαμϐάνειν
1420 3542 1521 3611 τῆς
1550 3539 1713 3607 ἁγίας
1742 3556 1857 3592 κοι-

280 3630 502 3694 νωνίας.
538 3632 909 3701 Εὑνομιανοὺς
949 3632 1049 3701 μὲν
1095 3633 1222 3695 τοὺς
1270 3634 1348 3695 εἰς
1393 3632 1525 3703 μίαν
1558 3632 1857 3686 κατάδυσιν

289 3724 747 3796 θαπτιζομινους,
783 3724 879 3778 καὶ
911 3724 1305 3789 Μοντανιστὰς,
1345 3726 1475 3788 τοὺς
1531 3724 1861 3795 λεγομένους

288 3820 534 3888 Φρύγας,
592 3818 691 3871 καὶ
718 3817 1076 3886 Μανιχαίους,
1130 3817 1224 3872 καὶ
1282 3815 1695 3882 Σαϐελλιανοὺς,
1732 3817 1858 3879 τοὺς

288 3907 660 3977 Υίοπατορίαν
707 3907 1088 3973 διδάσκοντας,
1150 3907 1247 3960 καὶ
1278 3905 1447 3976 ἕτερά
1488 3923 1608 3961 τινα
1652 3904 1869 3977 χαλεπὰ

286 4000 601 4065 ποιοῦντας,
642 4000 737 4053 καὶ
773 3998 953 4063 πάσας
983 3998 1082 4062 τὰς
1112 3999 1373 4063 τοιαύτας
1404 4000 1671 4070 αἰρέσεις,
1702 4000 1871 4069 ἤγουν

288 4093 418 4154 τοὺς
459 4092 552 4144 ὑπ’
581 4091 763 4143 αὐτῶν
786 4089 1077 4153 ἐθέλοντας
1112 4090 1503 4159 προστίθεσθαι
1530 4092 1595 4162 τῇ
1624 4088 1872 4161 ἀληθεία,

291 4184 365 4245 ὡς
408 4182 681 4253 Ἕλληνας
705 4180 977 4251 δεκόμεθα
1009 4181 1103 4236 καὶ
1130 4181 1483 4253 βαπτίζομεν
1511 4181 1730 4245 αὐτούς.

374 4342 447 4410 (c)
483 4340 555 4394 Ita
585 4340 689 4409 legi
728 4355 911 4397 vocem
941 4348 1297 4398 contractam.

370 4414 450 4483 (il)
487 4412 562 4467 De
586 4411 789 4481 Spiritu
821 4429 893 4478 ι..
930 4427 1050 4481 cap.
1081 4412 1167 4467 18.

1960 3357 2232 3421 Nestorio,
2249 3354 2511 3425 Eutyche,
2530 3353 2807 3414 Dioscoro,
2826 3349 3126 3416 eademque
3143 3343 3526 3408 sentientibus,

1962 3455 2015 3503 et
2061 3460 2182 3502 cum
2228 3444 2482 3500 omnibus
2520 3442 2695 3497 allatis
2745 3437 3070 3501 hzeresibus;
3121 3444 3283 3505 atque
3327 3440 3529 3487 sancta)

1962 3536 2360 3593 communionis
2392 3534 2508 3590 ﬁeri
2542 3531 2855 3603 participes.
2888 3526 3255 3583 Eunomianos
3284 3522 3528 3593 quidem,

1964 3631 2055 3701 qui
2084 3644 2181 3699 per
2209 3643 2370 3682 unam
2408 3624 2808 3681 immersionem
2838 3621 3167 3690 baptismum
3212 3615 3533 3686 suscipiunt,

1967 3730 2021 3777 et
2076 3718 2435 3774 Montanistas
2477 3716 2715 3785 Phrygas
2748 3712 2944 3776 dictos,
2984 3717 3039 3764 et
3087 3706 3433 3767 Manichaeos,
3472 3717 3537 3758 at:

1967 3811 2341 3877 Sabellianos;
2377 3824 2498 3863 nam
2521 3807 2700 3863 Patris
2722 3814 2775 3861 et
2800 3805 2923 3861 r'ilii
2954 3817 3234 3874 personam
3258 3801 3536 3862 docentes,

1967 3912 2023 3959 et
2078 3903 2185 3956 alia
2230 3902 2476 3972 quaedam
2519 3898 2827 3969 perniciosa
2883 3896 3166 3961 facientes,
3204 3900 3538 3958 cunctasque

1970 3992 2281 4062 huiusmodi
2334 3995 2601 4056 haereses;
2643 3988 2893 4044 videlicet
2924 4001 3038 4052 eos,
3081 3984 3174 4054 qui
3214 3983 3280 4037 ab
3312 3981 3416 4035 illis
3444 3994 3544 4033 vo-

1970 4085 2161 4140 luntse
2200 4084 2497 4154 adiungere
2527 4080 2767 4147 veritati,
2796 4078 2939 4136 velut
2959 4076 3188 4147 gentiles
3219 4071 3534 4141 recipimus,

1975 4177 2205 4247 illosque
2232 4176 2591 4246 baptizamus.

2057 4338 2125 4408 (ε)
2160 4335 2472 4407 Euchologt'i
2504 4347 2559 4404 ι).
2593 4332 2717 4393 884.
